,timestamp,bid_price_1,bid_volume_1,ask_price_1,ask_volume_1,product
0,100,17.0,1,23.75,0,PUT
0,100,18.75,1,21.75,0,CALL
0,100,18.0,1,22.25,2,ASSET
1,200,17.5,2,23.75,2,PUT
1,200,17.5,1,21.75,0,CALL
1,200,17.75,0,22.5,1,ASSET
2,300,19.25,2,22.25,1,PUT
2,300,20.0,1,20.25,0,CALL
2,300,20.0,2,21.0,2,ASSET
3,400,18.25,1,22.75,1,PUT
3,400,19.5,2,21.75,0,CALL
3,400,18.0,2,22.75,1,ASSET
4,500,16.5,1,24.0,1,CALL
4,500,21.25,2,21.75,2,ASSET
4,500,19.0,2,23.75,1,PUT
5,600,18.75,1,24.0,2,ASSET
5,600,21.5,1,21.5,2,PUT
5,600,18.0,0,22.0,1,CALL
6,700,18.25,0,25.0,2,ASSET
6,700,21.5,2,22.0,2,PUT
6,700,18.5,0,21.0,2,CALL
7,800,19.75,0,24.75,1,ASSET
7,800,20.5,2,24.5,1,PUT
7,800,18.0,0,21.0,2,CALL
8,900,18.75,1,25.5,2,ASSET
8,900,16.5,0,23.5,0,CALL
8,900,18.75,1,25.5,1,PUT
9,1000,19.0,2,19.25,1,CALL
9,1000,22.25,1,22.25,0,ASSET
9,1000,19.0,2,25.5,2,PUT
10,1100,18.5,2,19.75,0,CALL
10,1100,20.75,2,24.0,0,ASSET
10,1100,20.5,1,23.75,1,PUT
11,1200,16.0,1,21.25,2,CALL
11,1200,20.25,1,24.75,1,ASSET
11,1200,22.0,1,22.75,1,PUT
12,1300,21.5,0,23.0,2,ASSET
12,1300,21.75,1,22.5,0,PUT
12,1300,16.5,0,21.5,2,CALL
13,1400,20.0,0,24.75,2,PUT
13,1400,14.75,1,22.0,0,CALL
13,1400,21.0,0,24.0,1,ASSET
14,1500,21.25,2,24.75,2,PUT
14,1500,14.0,2,20.75,2,CALL
14,1500,20.0,1,26.25,1,ASSET
15,1600,20.5,0,26.5,2,PUT
15,1600,14.25,1,21.0,1,CALL
15,1600,21.5,1,25.5,1,ASSET
16,1700,16.75,2,20.0,1,CALL
16,1700,22.0,2,25.0,1,ASSET
16,1700,20.5,0,25.75,0,PUT
17,1800,20.25,0,25.25,0,ASSET
17,1800,19.5,0,26.25,2,PUT
17,1800,15.75,0,22.0,1,CALL
18,1900,20.5,1,23.25,0,ASSET
18,1900,21.25,0,24.0,1,PUT
18,1900,15.0,2,22.0,2,CALL
19,2000,20.25,2,22.75,2,ASSET
19,2000,21.25,0,21.25,1,PUT
19,2000,17.25,1,20.0,1,CALL
20,2100,17.75,2,25.25,2,PUT
20,2100,16.25,0,19.25,0,CALL
20,2100,21.0,2,22.25,2,ASSET
21,2200,16.75,1,18.75,2,CALL
21,2200,20.75,2,21.0,2,ASSET
21,2200,20.5,1,21.75,2,PUT
22,2300,14.25,2,20.75,1,CALL
22,2300,19.5,2,23.0,0,ASSET
22,2300,18.5,1,23.75,1,PUT
23,2400,16.0,1,20.25,2,CALL
23,2400,20.25,1,21.0,2,ASSET
23,2400,20.25,0,21.0,0,PUT
24,2500,16.75,0,19.5,2,CALL
24,2500,16.75,1,23.5,2,PUT
24,2500,18.25,2,23.0,0,ASSET
25,2600,19.25,0,21.25,1,PUT
25,2600,17.75,2,18.25,0,CALL
25,2600,20.0,1,20.75,2,ASSET
26,2700,18.5,1,23.25,2,PUT
26,2700,15.25,1,20.0,1,CALL
26,2700,20.0,1,21.25,0,ASSET
27,2800,19.25,0,23.5,0,PUT
27,2800,16.75,1,17.75,1,CALL
27,2800,20.75,2,21.5,2,ASSET
28,2900,14.5,1,20.0,0,CALL
28,2900,19.0,2,21.75,1,ASSET
28,2900,20.5,1,20.5,1,PUT
29,3000,17.0,2,23.75,2,ASSET
29,3000,19.5,2,20.5,0,PUT
29,3000,16.25,0,18.75,1,CALL
30,3100,18.5,0,21.75,0,ASSET
30,3100,20.0,0,20.25,2,PUT
30,3100,15.5,2,20.0,1,CALL
31,3200,16.75,2,22.0,1,ASSET
31,3200,16.5,2,22.5,2,PUT
31,3200,15.0,2,21.0,0,CALL
32,3300,18.25,1,20.25,1,ASSET
32,3300,16.5,2,20.0,1,CALL
32,3300,17.5,2,20.75,2,PUT
33,3400,17.25,0,21.5,0,CALL
33,3400,17.75,0,20.5,2,ASSET
33,3400,17.5,2,21.5,0,PUT
34,3500,15.0,0,21.25,2,CALL
34,3500,17.5,1,21.75,1,ASSET
34,3500,17.0,2,22.25,2,PUT
35,3600,16.25,1,21.0,1,CALL
35,3600,17.25,2,24.0,2,ASSET
35,3600,17.25,2,23.5,2,PUT
36,3700,19.25,0,20.5,2,ASSET
36,3700,17.0,2,22.0,2,PUT
36,3700,18.0,2,19.25,1,CALL
37,3800,19.5,2,21.0,1,PUT
37,3800,15.5,0,22.0,2,CALL
37,3800,17.25,1,23.25,0,ASSET
38,3900,20.0,0,20.25,2,PUT
38,3900,16.25,1,23.0,2,CALL
38,3900,16.75,1,23.5,2,ASSET
39,4000,19.0,0,19.75,0,PUT
39,4000,17.5,1,22.25,2,CALL
39,4000,15.75,1,22.0,1,ASSET
40,4100,17.25,0,20.5,2,PUT
40,4100,17.0,2,21.5,0,ASSET
40,4100,18.25,2,19.25,2,CALL
41,4200,15.25,0,22.25,0,ASSET
41,4200,18.0,2,18.75,2,PUT
41,4200,18.25,0,19.25,2,CALL
42,4300,17.25,2,20.25,2,ASSET
42,4300,16.25,2,20.75,2,PUT
42,4300,16.75,1,20.75,0,CALL
43,4400,17.75,2,20.75,2,ASSET
43,4400,18.25,0,19.75,2,PUT
43,4400,16.0,1,23.0,0,CALL
44,4500,15.25,1,21.5,2,PUT
44,4500,18.75,0,20.0,0,CALL
44,4500,17.75,1,18.25,2,ASSET
45,4600,18.5,2,21.5,1,CALL
45,4600,18.0,0,18.75,1,ASSET
45,4600,18.25,0,18.5,0,PUT
46,4700,17.25,2,23.5,1,CALL
46,4700,16.0,1,20.5,1,ASSET
46,4700,16.0,1,21.25,1,PUT
47,4800,17.25,0,24.0,1,CALL
47,4800,17.75,2,19.0,1,ASSET
47,4800,15.5,0,21.5,0,PUT
48,4900,15.25,2,22.75,1,ASSET
48,4900,17.5,2,20.5,2,PUT
48,4900,18.5,1,23.25,2,CALL
49,5000,15.5,0,22.5,0,PUT
49,5000,16.5,0,23.5,1,CALL
49,5000,19.25,2,20.0,0,ASSET
50,5100,15.5,1,22.75,2,PUT
50,5100,18.0,1,23.5,2,CALL
50,5100,17.5,2,20.5,1,ASSET
51,5200,18.25,1,20.5,1,PUT
51,5200,18.5,2,22.75,0,CALL
51,5200,16.0,1,23.0,0,ASSET
52,5300,19.75,0,23.25,2,CALL
52,5300,18.5,2,19.75,1,ASSET
52,5300,16.0,1,22.5,2,PUT
53,5400,19.0,0,20.0,1,ASSET
53,5400,17.75,0,22.25,1,PUT
53,5400,20.75,0,21.0,0,CALL
54,5500,18.25,2,21.0,2,ASSET
54,5500,18.25,0,20.75,2,PUT
54,5500,19.0,2,23.75,1,CALL
55,5600,19.0,2,20.25,2,ASSET
55,5600,18.75,1,21.0,0,PUT
55,5600,16.75,2,23.5,0,CALL
56,5700,18.0,2,21.0,1,ASSET
56,5700,17.5,2,22.0,2,CALL
56,5700,17.0,0,22.25,0,PUT
57,5800,19.5,0,20.75,2,CALL
57,5800,17.0,2,23.5,0,ASSET
57,5800,19.0,1,22.0,0,PUT
58,5900,17.5,2,20.0,1,CALL
58,5900,18.5,0,21.25,2,ASSET
58,5900,20.0,0,21.0,2,PUT
59,6000,17.0,0,23.75,2,CALL
59,6000,19.75,0,21.0,1,ASSET
59,6000,17.75,0,22.25,1,PUT
60,6100,19.0,1,19.75,1,ASSET
60,6100,18.75,2,20.75,0,PUT
60,6100,19.0,2,21.5,1,CALL
61,6200,16.75,1,22.75,2,PUT
61,6200,19.25,2,23.75,0,CALL
61,6200,17.5,1,22.25,2,ASSET
62,6300,19.25,2,22.0,0,PUT
62,6300,17.5,1,24.0,0,CALL
62,6300,17.0,1,24.0,2,ASSET
63,6400,17.0,2,23.75,0,CALL
63,6400,19.0,1,22.5,2,ASSET
63,6400,20.25,0,21.0,1,PUT
64,6500,19.75,2,22.25,1,ASSET
64,6500,17.25,2,24.25,1,PUT
64,6500,16.75,2,22.25,1,CALL
65,6600,20.5,2,21.5,0,ASSET
65,6600,19.0,2,22.0,0,PUT
65,6600,15.75,2,22.25,2,CALL
66,6700,19.25,2,21.25,0,ASSET
66,6700,19.5,0,20.5,0,PUT
66,6700,17.0,1,22.0,2,CALL
67,6800,18.5,0,22.5,0,PUT
67,6800,17.75,2,20.5,2,CALL
67,6800,17.5,1,24.25,0,ASSET
68,6900,17.5,0,21.75,1,CALL
68,6900,17.75,0,24.0,0,ASSET
68,6900,17.5,2,24.5,0,PUT
69,7000,17.0,1,22.5,0,CALL
69,7000,16.25,1,23.0,2,ASSET
69,7000,17.0,1,22.25,1,PUT
70,7100,18.5,1,21.0,2,CALL
70,7100,18.5,2,19.0,0,ASSET
70,7100,16.25,2,21.25,2,PUT
71,7200,19.0,1,21.5,0,CALL
71,7200,17.25,1,18.25,1,PUT
71,7200,15.0,1,21.0,2,ASSET
72,7300,16.25,2,21.0,0,PUT
72,7300,19.5,1,19.75,1,CALL
72,7300,15.0,0,21.5,0,ASSET
73,7400,16.75,2,20.0,2,PUT
73,7400,18.25,0,22.75,1,CALL
73,7400,14.75,2,22.0,2,ASSET
74,7500,18.25,1,18.25,0,PUT
74,7500,20.25,1,23.0,0,CALL
74,7500,15.75,1,20.5,2,ASSET
75,7600,19.25,2,24.0,0,CALL
75,7600,16.75,2,17.5,2,ASSET
75,7600,15.5,1,20.0,2,PUT
76,7700,17.25,2,17.75,0,ASSET
76,7700,15.75,2,18.75,2,PUT
76,7700,18.0,0,25.25,1,CALL
77,7800,16.5,1,17.0,2,ASSET
77,7800,15.0,0,18.0,1,PUT
77,7800,21.25,0,22.75,0,CALL
78,7900,15.5,0,20.25,0,ASSET
78,7900,16.0,0,19.25,0,PUT
78,7900,21.75,1,22.5,2,CALL
79,8000,17.25,1,18.0,1,PUT
79,8000,18.25,1,25.25,0,CALL
79,8000,16.25,0,19.75,1,ASSET
80,8100,22.0,2,22.25,1,CALL
80,8100,15.0,1,19.5,1,ASSET
80,8100,16.75,1,17.75,0,PUT
81,8200,20.5,1,21.75,0,CALL
81,8200,16.75,0,18.25,1,ASSET
81,8200,15.0,1,19.75,0,PUT
82,8300,19.75,0,23.0,0,CALL
82,8300,14.0,2,21.0,0,ASSET
82,8300,14.75,1,19.75,2,PUT
83,8400,14.75,0,19.0,0,ASSET
83,8400,13.25,0,20.25,0,PUT
83,8400,20.0,0,24.0,0,CALL
84,8500,14.75,2,19.25,1,PUT
84,8500,19.75,2,22.75,1,CALL
84,8500,15.75,0,19.0,1,ASSET
85,8600,16.0,2,18.75,1,PUT
85,8600,18.5,0,21.0,0,CALL
85,8600,16.5,2,17.75,0,ASSET
86,8700,15.0,0,19.5,1,PUT
86,8700,19.75,1,21.25,1,CALL
86,8700,17.0,0,17.5,2,ASSET
87,8800,12.5,1,19.5,0,PUT
87,8800,14.25,1,18.75,0,ASSET
87,8800,17.0,1,24.5,2,CALL
88,8900,12.75,1,17.75,2,ASSET
88,8900,14.0,0,16.75,1,PUT
88,8900,19.5,2,22.5,0,CALL
89,9000,15.0,2,17.75,0,ASSET
89,9000,15.25,0,16.75,1,PUT
89,9000,18.25,2,24.25,2,CALL
90,9100,14.75,2,17.25,2,ASSET
90,9100,15.25,2,16.75,0,PUT
90,9100,17.5,1,24.0,2,CALL
91,9200,12.75,1,19.5,0,PUT
91,9200,19.0,1,23.75,0,CALL
91,9200,14.25,2,18.75,2,ASSET
92,9300,20.25,0,22.25,0,CALL
92,9300,13.0,0,20.0,1,ASSET
92,9300,14.75,2,18.0,2,PUT
93,9400,20.75,1,21.75,1,CALL
93,9400,14.25,1,18.5,2,ASSET
93,9400,15.0,2,18.25,0,PUT
94,9500,20.5,2,21.25,0,CALL
94,9500,13.0,1,18.25,0,PUT
94,9500,12.25,1,18.75,0,ASSET
95,9600,13.25,1,18.0,2,PUT
95,9600,19.0,0,22.25,0,CALL
95,9600,13.5,2,17.5,0,ASSET
96,9700,11.25,0,17.5,0,PUT
96,9700,17.25,1,24.5,1,CALL
96,9700,11.75,0,16.5,1,ASSET
97,9800,12.0,1,16.75,1,PUT
97,9800,20.75,0,21.0,0,CALL
97,9800,13.75,2,14.25,1,ASSET
98,9900,19.5,2,22.75,0,CALL
98,9900,12.75,0,15.25,0,ASSET
98,9900,14.0,1,14.75,2,PUT
99,10000,10.5,2,17.75,2,ASSET
99,10000,12.5,2,15.5,2,PUT
99,10000,18.25,2,25.0,1,CALL
100,10100,12.5,0,15.25,0,ASSET
100,10100,12.25,0,15.25,1,PUT
100,10100,22.0,1,22.75,0,CALL
101,10200,11.75,1,17.25,1,ASSET
101,10200,14.0,2,14.75,0,PUT
101,10200,18.75,0,26.0,1,CALL
102,10300,14.0,1,16.25,1,ASSET
102,10300,19.0,1,25.5,2,CALL
102,10300,14.75,2,15.5,2,PUT
103,10400,20.75,2,25.0,0,CALL
103,10400,14.25,1,16.5,0,ASSET
103,10400,14.5,0,17.0,1,PUT
104,10500,21.75,2,22.5,2,CALL
104,10500,13.25,0,18.25,0,ASSET
104,10500,14.5,1,17.0,2,PUT
105,10600,19.25,2,23.5,1,CALL
105,10600,14.75,2,16.0,0,ASSET
105,10600,13.5,2,17.75,2,PUT
106,10700,13.25,0,17.75,1,ASSET
106,10700,14.75,0,15.75,0,PUT
106,10700,21.25,2,22.75,0,CALL
107,10800,14.25,1,16.25,2,PUT
107,10800,21.0,1,23.25,2,CALL
107,10800,14.25,0,17.0,2,ASSET
108,10900,15.0,1,15.5,0,PUT
108,10900,20.25,1,23.5,1,CALL
108,10900,13.5,0,16.75,1,ASSET
109,11000,12.0,1,17.0,1,PUT
109,11000,19.0,2,25.5,0,CALL
109,11000,12.75,2,15.5,0,ASSET
110,11100,20.75,0,23.75,1,CALL
110,11100,12.75,1,17.75,1,ASSET
110,11100,13.5,0,16.25,1,PUT
111,11200,14.25,0,15.0,1,ASSET
111,11200,14.5,1,15.25,1,PUT
111,11200,19.25,0,25.75,2,CALL
112,11300,12.75,1,17.0,1,ASSET
112,11300,11.25,2,17.75,0,PUT
112,11300,19.75,0,26.75,0,CALL
113,11400,11.0,1,17.75,1,ASSET
113,11400,13.75,2,16.25,2,PUT
113,11400,22.75,1,25.25,0,CALL
114,11500,11.25,1,18.0,1,PUT
114,11500,22.75,0,26.0,2,CALL
114,11500,13.5,2,14.75,0,ASSET
115,11600,21.25,1,26.5,0,CALL
115,11600,10.5,0,17.75,1,ASSET
115,11600,14.0,1,15.0,0,PUT
116,11700,22.0,1,25.25,0,CALL
116,11700,12.0,0,16.75,1,ASSET
116,11700,11.75,2,17.0,0,PUT
117,11800,23.25,0,24.0,1,CALL
117,11800,11.25,0,18.0,2,ASSET
117,11800,12.0,0,16.25,1,PUT
118,11900,22.75,1,25.0,1,CALL
118,11900,10.25,0,17.25,0,PUT
118,11900,10.0,1,17.0,2,ASSET
119,12000,10.5,2,14.75,1,PUT
119,12000,21.5,0,25.5,0,CALL
119,12000,11.5,2,14.0,1,ASSET
120,12100,11.25,2,14.25,2,PUT
120,12100,21.0,0,26.25,2,CALL
120,12100,10.0,0,15.25,2,ASSET
121,12200,9.5,2,14.25,0,PUT
121,12200,21.5,1,26.75,0,CALL
121,12200,11.5,2,12.5,2,ASSET
122,12300,21.25,0,25.75,0,CALL
122,12300,10.0,0,13.25,1,ASSET
122,12300,8.0,2,14.75,1,PUT
123,12400,8.25,0,13.75,1,ASSET
123,12400,11.0,0,11.75,1,PUT
123,12400,23.0,0,23.75,0,CALL
124,12500,8.5,0,13.25,2,ASSET
124,12500,10.75,0,11.75,2,PUT
124,12500,21.5,0,28.0,2,CALL
125,12600,11.25,1,12.0,1,ASSET
125,12600,23.25,1,26.0,1,CALL
125,12600,10.5,2,13.0,2,PUT
126,12700,21.25,0,27.25,2,CALL
126,12700,8.25,1,15.5,1,ASSET
126,12700,10.75,1,13.75,2,PUT
127,12800,21.0,0,28.0,1,CALL
127,12800,9.75,0,14.5,1,ASSET
127,12800,11.75,2,12.0,0,PUT
128,12900,24.5,0,26.5,2,CALL
128,12900,9.0,2,14.25,2,ASSET
128,12900,11.25,0,12.5,0,PUT
129,13000,9.0,2,13.75,1,ASSET
129,13000,11.0,1,11.75,2,PUT
129,13000,23.5,1,26.0,1,CALL
130,13100,8.5,2,15.0,0,PUT
130,13100,24.0,2,25.0,2,CALL
130,13100,8.0,1,15.0,1,ASSET
131,13200,11.0,0,13.0,2,PUT
131,13200,21.0,0,25.75,1,CALL
131,13200,11.25,2,12.25,0,ASSET
132,13300,11.5,2,12.25,0,PUT
132,13300,23.75,2,24.25,0,CALL
132,13300,8.75,2,15.75,2,ASSET
133,13400,10.75,1,13.5,1,PUT
133,13400,11.75,0,12.75,0,ASSET
133,13400,22.5,0,23.0,0,CALL
134,13500,8.5,2,15.75,0,ASSET
134,13500,12.25,2,12.75,0,PUT
134,13500,20.25,1,25.0,2,CALL
135,13600,8.0,1,14.5,1,ASSET
135,13600,9.0,2,13.75,1,PUT
135,13600,21.0,0,26.25,2,CALL
136,13700,9.0,1,14.0,2,ASSET
136,13700,11.75,0,11.75,1,PUT
136,13700,24.5,0,25.5,2,CALL
137,13800,10.75,1,14.25,2,PUT
137,13800,23.25,2,25.75,0,CALL
137,13800,11.25,0,14.0,1,ASSET
138,13900,22.75,2,25.0,2,CALL
138,13900,9.5,1,16.25,2,ASSET
138,13900,11.75,1,14.0,2,PUT
139,14000,21.5,1,26.25,0,CALL
139,14000,9.5,1,16.25,2,ASSET
139,14000,12.75,1,13.25,2,PUT
140,14100,22.0,1,28.0,1,CALL
140,14100,10.25,2,15.0,0,ASSET
140,14100,10.75,2,14.0,2,PUT
141,14200,10.0,2,14.75,0,ASSET
141,14200,8.75,0,15.5,0,PUT
141,14200,24.75,2,27.25,0,CALL
142,14300,8.75,0,16.25,2,PUT
142,14300,24.25,2,29.25,0,CALL
142,14300,8.75,2,16.0,2,ASSET
143,14400,9.75,0,14.5,0,PUT
143,14400,25.75,2,27.0,0,CALL
143,14400,11.75,2,12.5,1,ASSET
144,14500,12.0,0,12.75,1,PUT
144,14500,23.5,2,28.75,1,CALL
144,14500,11.5,2,13.5,1,ASSET
145,14600,25.25,0,28.0,2,CALL
145,14600,12.0,1,12.75,0,ASSET
145,14600,12.0,1,12.0,2,PUT
146,14700,10.25,2,14.5,0,ASSET
146,14700,10.75,2,13.5,2,PUT
146,14700,27.0,2,27.0,0,CALL
147,14800,11.25,2,14.0,2,ASSET
147,14800,11.75,1,12.5,0,PUT
147,14800,24.5,0,27.5,0,CALL
148,14900,9.0,2,16.25,2,ASSET
148,14900,10.75,1,13.75,0,PUT
148,14900,24.5,0,26.0,2,CALL
149,15000,9.5,0,15.0,0,ASSET
149,15000,22.25,1,27.5,1,CALL
149,15000,10.5,1,13.5,1,PUT
150,15100,23.5,2,26.0,2,CALL
150,15100,9.5,1,15.75,1,ASSET
150,15100,9.75,2,14.5,1,PUT
151,15200,22.5,0,27.0,1,CALL
151,15200,9.5,1,15.75,0,ASSET
151,15200,11.0,1,13.5,1,PUT
152,15300,22.75,2,25.0,1,CALL
152,15300,11.0,0,14.0,2,ASSET
152,15300,9.0,1,16.0,0,PUT
153,15400,9.25,2,16.25,2,ASSET
153,15400,9.25,1,16.25,2,PUT
153,15400,21.5,0,26.75,1,CALL
154,15500,9.25,2,16.5,0,PUT
154,15500,22.0,1,24.75,1,CALL
154,15500,10.5,2,14.75,2,ASSET
155,15600,10.0,1,15.0,2,PUT
155,15600,23.25,0,24.25,0,CALL
155,15600,11.75,2,13.0,0,ASSET
156,15700,8.75,1,15.5,1,PUT
156,15700,21.25,2,25.75,2,CALL
156,15700,12.25,1,12.25,0,ASSET
157,15800,10.25,2,15.25,2,PUT
157,15800,10.0,1,14.5,1,ASSET
157,15800,22.5,1,25.25,2,CALL
158,15900,9.0,1,15.25,1,ASSET
158,15900,11.25,1,13.25,2,PUT
158,15900,19.5,2,26.5,2,CALL
159,16000,11.0,2,14.25,2,ASSET
159,16000,11.25,1,14.25,1,PUT
159,16000,22.75,1,24.0,2,CALL
160,16100,12.25,0,13.0,1,ASSET
160,16100,9.5,0,15.0,2,PUT
160,16100,23.0,1,23.75,1,CALL
161,16200,9.75,2,15.0,2,PUT
161,16200,20.5,1,27.25,2,CALL
161,16200,9.0,2,15.5,0,ASSET
162,16300,23.5,1,24.25,0,CALL
162,16300,11.75,2,14.25,2,ASSET
162,16300,10.5,2,15.0,2,PUT
163,16400,20.5,2,28.0,1,CALL
163,16400,11.5,2,14.25,0,ASSET
163,16400,11.0,1,15.75,0,PUT
164,16500,21.5,1,24.75,0,CALL
164,16500,10.5,1,15.75,0,ASSET
164,16500,10.5,2,15.25,0,PUT
165,16600,23.5,2,23.5,1,CALL
165,16600,10.0,1,16.75,2,PUT
165,16600,12.75,2,13.25,2,ASSET
166,16700,13.5,0,13.75,2,PUT
166,16700,20.0,1,26.75,2,CALL
166,16700,13.5,1,13.75,1,ASSET
167,16800,10.0,2,16.75,1,PUT
167,16800,20.0,1,26.75,0,CALL
167,16800,12.5,0,15.25,1,ASSET
168,16900,10.0,2,16.75,2,PUT
168,16900,22.75,1,25.75,2,CALL
168,16900,13.75,2,14.0,0,ASSET
169,17000,21.0,2,28.25,1,CALL
169,17000,12.0,1,15.25,1,ASSET
169,17000,12.25,2,15.25,0,PUT
170,17100,12.25,0,13.0,1,ASSET
170,17100,10.75,1,15.0,0,PUT
170,17100,22.25,1,27.5,2,CALL
171,17200,10.25,2,15.5,2,ASSET
171,17200,11.5,2,14.25,2,PUT
171,17200,21.0,2,27.75,1,CALL
172,17300,11.5,0,14.0,0,ASSET
172,17300,9.75,0,16.25,2,PUT
172,17300,24.5,1,25.75,0,CALL
173,17400,11.25,2,15.75,0,PUT
173,17400,25.25,2,25.25,0,CALL
173,17400,9.5,1,16.25,2,ASSET
174,17500,21.5,0,26.25,0,CALL
174,17500,11.0,0,16.25,0,ASSET
174,17500,11.5,1,15.5,2,PUT
175,17600,21.25,2,27.25,1,CALL
175,17600,11.0,1,17.0,1,ASSET
175,17600,11.0,0,17.25,2,PUT
176,17700,22.0,1,27.25,0,CALL
176,17700,12.0,1,14.75,1,ASSET
176,17700,11.5,0,15.75,1,PUT
177,17800,13.25,2,14.0,1,ASSET
177,17800,12.25,2,14.25,1,PUT
177,17800,22.0,2,29.25,0,CALL
178,17900,13.25,1,14.75,2,PUT
178,17900,25.5,1,25.75,0,CALL
178,17900,10.75,1,17.0,2,ASSET
179,18000,10.25,2,17.0,1,PUT
179,18000,25.25,1,26.0,2,CALL
179,18000,12.75,0,15.5,1,ASSET
180,18100,13.25,2,15.25,0,PUT
180,18100,24.0,0,27.25,1,CALL
180,18100,10.75,1,18.0,2,ASSET
181,18200,13.75,0,16.0,0,PUT
181,18200,12.75,1,17.0,1,ASSET
181,18200,25.0,1,25.25,1,CALL
182,18300,14.75,2,15.25,1,ASSET
182,18300,11.0,2,18.0,2,PUT
182,18300,22.25,1,29.25,2,CALL
183,18400,13.0,0,18.0,0,ASSET
183,18400,15.0,2,15.75,1,PUT
183,18400,25.0,2,25.75,0,CALL
184,18500,14.25,1,16.75,2,ASSET
184,18500,11.5,0,18.5,2,PUT
184,18500,24.0,2,28.25,2,CALL
185,18600,12.5,1,19.5,2,PUT
185,18600,22.25,2,28.75,1,CALL
185,18600,12.75,1,19.0,2,ASSET
186,18700,25.5,2,27.0,1,CALL
186,18700,14.5,0,16.75,1,ASSET
186,18700,15.5,0,16.5,2,PUT
187,18800,25.0,2,28.25,1,CALL
187,18800,12.0,0,18.5,1,ASSET
187,18800,13.5,0,17.0,1,PUT
188,18900,14.25,0,16.75,2,ASSET
188,18900,13.75,1,16.75,1,PUT
188,18900,25.25,1,28.0,1,CALL
189,19000,13.75,1,16.0,1,PUT
189,19000,25.0,2,25.75,0,CALL
189,19000,13.0,1,17.0,2,ASSET
190,19100,12.0,0,18.75,1,PUT
190,19100,23.75,1,28.25,2,CALL
190,19100,14.75,2,15.75,0,ASSET
191,19200,14.75,0,16.0,0,PUT
191,19200,25.75,0,28.25,0,CALL
191,19200,13.25,1,17.5,2,ASSET
192,19300,24.0,0,28.75,2,CALL
192,19300,14.25,0,17.0,2,ASSET
192,19300,15.0,2,15.75,1,PUT
193,19400,12.25,1,17.75,1,ASSET
193,19400,13.25,2,16.25,1,PUT
193,19400,24.25,1,27.75,2,CALL
194,19500,12.75,2,17.75,2,ASSET
194,19500,13.0,0,17.0,0,PUT
194,19500,26.5,2,27.5,2,CALL
195,19600,12.25,2,16.75,0,ASSET
195,19600,14.0,0,14.75,0,PUT
195,19600,26.0,1,30.75,0,CALL
196,19700,14.0,1,16.5,1,ASSET
196,19700,24.75,2,32.0,1,CALL
196,19700,14.5,2,15.75,0,PUT
197,19800,24.75,1,31.5,1,CALL
197,19800,13.5,1,16.75,0,ASSET
197,19800,14.0,1,16.75,2,PUT
198,19900,26.75,0,29.5,2,CALL
198,19900,12.5,2,17.0,2,ASSET
198,19900,13.0,0,17.75,0,PUT
199,20000,28.5,1,29.5,1,CALL
199,20000,13.5,0,16.5,1,ASSET
199,20000,13.75,1,16.5,2,PUT
200,20100,12.0,2,18.75,2,ASSET
200,20100,11.75,1,18.25,2,PUT
200,20100,27.5,1,30.75,1,CALL
201,20200,15.0,2,15.0,2,PUT
201,20200,26.0,0,33.0,1,CALL
201,20200,13.5,2,16.25,2,ASSET
202,20300,13.0,2,16.25,1,PUT
202,20300,25.25,1,32.5,2,CALL
202,20300,11.75,0,18.0,1,ASSET
203,20400,11.75,2,17.25,1,PUT
203,20400,26.25,1,33.0,0,CALL
203,20400,10.75,0,17.5,1,ASSET
204,20500,28.25,2,30.25,2,CALL
204,20500,11.25,0,17.5,2,ASSET
204,20500,14.0,2,14.5,2,PUT
205,20600,12.0,0,15.5,1,ASSET
205,20600,13.25,1,14.25,0,PUT
205,20600,26.75,1,31.25,1,CALL
206,20700,14.0,1,15.0,1,ASSET
206,20700,12.75,1,15.5,2,PUT
206,20700,25.5,2,33.0,2,CALL
207,20800,11.25,2,16.5,2,ASSET
207,20800,10.5,1,17.5,0,PUT
207,20800,28.75,2,29.75,2,CALL
208,20900,13.75,2,14.75,2,PUT
208,20900,28.75,0,29.75,1,CALL
208,20900,13.25,1,15.25,0,ASSET
209,21000,27.0,1,33.25,1,CALL
209,21000,12.5,0,15.25,1,ASSET
209,21000,14.25,0,15.0,0,PUT
210,21100,26.75,2,33.0,0,CALL
210,21100,12.0,0,16.75,1,ASSET
210,21100,11.0,2,17.25,0,PUT
211,21200,25.75,0,32.5,2,CALL
211,21200,10.5,2,16.75,1,ASSET
211,21200,11.0,1,16.5,1,PUT
212,21300,28.75,2,30.0,2,CALL
212,21300,10.75,2,17.5,0,PUT
212,21300,10.5,0,17.75,1,ASSET
213,21400,13.5,2,16.5,1,PUT
213,21400,28.25,1,29.25,2,CALL
213,21400,13.5,1,15.75,1,ASSET
214,21500,14.0,2,16.0,0,PUT
214,21500,26.75,1,31.5,2,CALL
214,21500,13.5,2,16.75,0,ASSET
215,21600,14.0,0,15.25,2,PUT
215,21600,27.25,2,34.0,2,CALL
215,21600,13.25,0,15.75,2,ASSET
216,21700,29.25,1,30.0,1,CALL
216,21700,10.75,2,17.5,2,ASSET
216,21700,14.0,0,14.75,1,PUT
217,21800,12.0,2,17.5,2,ASSET
217,21800,11.0,1,18.25,0,PUT
217,21800,29.5,0,30.5,2,CALL
218,21900,12.75,2,17.5,2,ASSET
218,21900,15.0,2,15.5,2,PUT
218,21900,30.25,0,31.0,1,CALL
219,22000,11.25,1,18.0,1,ASSET
219,22000,29.25,2,32.25,0,CALL
219,22000,13.5,2,16.5,1,PUT
220,22100,30.5,0,31.0,2,CALL
220,22100,14.5,0,14.75,0,ASSET
220,22100,14.5,2,15.0,2,PUT
221,22200,29.75,2,30.75,1,CALL
221,22200,12.25,2,16.5,2,ASSET
221,22200,13.75,2,15.0,1,PUT
222,22300,25.0,1,32.25,1,CALL
222,22300,13.25,1,16.5,1,ASSET
222,22300,13.5,0,16.0,0,PUT
223,22400,14.0,0,15.0,1,ASSET
223,22400,12.75,1,17.5,2,PUT
223,22400,27.25,2,31.5,2,CALL
224,22500,14.25,0,15.25,1,PUT
224,22500,27.25,0,31.5,0,CALL
224,22500,14.5,1,15.25,1,ASSET
225,22600,11.0,2,18.25,1,PUT
225,22600,25.0,1,31.75,2,CALL
225,22600,11.75,1,18.25,2,ASSET
226,22700,13.75,2,14.25,0,PUT
226,22700,25.25,1,32.0,2,CALL
226,22700,13.75,0,13.75,0,ASSET
227,22800,10.75,0,17.25,1,PUT
227,22800,12.0,2,17.0,2,ASSET
227,22800,25.25,2,30.75,1,CALL
228,22900,14.5,0,15.0,0,ASSET
228,22900,11.25,2,18.0,1,PUT
228,22900,25.0,1,31.25,0,CALL
229,23000,14.0,1,14.75,1,ASSET
229,23000,11.0,2,17.75,2,PUT
229,23000,25.75,1,30.0,2,CALL
230,23100,10.75,1,17.25,0,ASSET
230,23100,11.5,1,16.0,0,PUT
230,23100,27.25,2,27.25,2,CALL
231,23200,11.25,0,16.0,1,PUT
231,23200,23.25,1,29.5,1,CALL
231,23200,10.75,1,17.5,0,ASSET
232,23300,25.0,0,27.5,0,CALL
232,23300,11.75,0,16.25,0,ASSET
232,23300,11.0,0,17.5,2,PUT
233,23400,25.5,0,28.0,0,CALL
233,23400,11.75,2,16.5,0,ASSET
233,23400,10.0,0,16.75,1,PUT
234,23500,24.0,1,28.25,1,CALL
234,23500,13.25,2,14.0,0,ASSET
234,23500,11.25,2,15.5,1,PUT
235,23600,9.75,2,16.25,0,ASSET
235,23600,12.75,1,13.75,0,PUT
235,23600,25.0,0,27.75,2,CALL
236,23700,9.25,2,16.0,2,PUT
236,23700,26.25,2,27.25,0,CALL
236,23700,9.25,2,16.0,1,ASSET
237,23800,9.5,2,16.5,2,PUT
237,23800,25.0,2,29.75,1,CALL
237,23800,12.25,1,13.0,1,ASSET
238,23900,12.75,2,13.75,1,PUT
238,23900,27.25,0,28.25,2,CALL
238,23900,11.0,2,16.0,0,ASSET
239,24000,25.0,1,31.5,2,CALL
239,24000,9.75,2,17.0,2,ASSET
239,24000,12.75,2,13.75,1,PUT
240,24100,10.0,2,16.75,2,ASSET
240,24100,11.5,2,14.5,0,PUT
240,24100,27.25,2,28.75,1,CALL
241,24200,11.75,2,14.5,0,ASSET
241,24200,9.5,2,16.25,0,PUT
241,24200,26.0,2,30.5,0,CALL
242,24300,9.5,2,14.25,1,ASSET
242,24300,9.0,1,15.25,1,PUT
242,24300,27.5,1,30.25,2,CALL
243,24400,10.75,1,13.75,2,ASSET
243,24400,26.0,0,29.0,1,CALL
243,24400,12.25,2,12.75,1,PUT
244,24500,25.25,2,30.25,2,CALL
244,24500,9.5,1,16.0,2,ASSET
244,24500,9.25,0,15.75,0,PUT
245,24600,27.25,2,28.0,2,CALL
245,24600,9.5,1,16.0,2,ASSET
245,24600,9.0,2,15.75,2,PUT
246,24700,27.5,2,28.25,2,CALL
246,24700,9.75,2,16.0,0,ASSET
246,24700,12.5,0,12.75,2,PUT
247,24800,11.5,0,13.0,2,ASSET
247,24800,12.0,0,12.25,1,PUT
247,24800,24.25,0,31.5,1,CALL
248,24900,10.25,2,13.75,1,PUT
248,24900,27.5,0,28.0,1,CALL
248,24900,12.0,1,12.0,0,ASSET
249,25000,11.5,1,12.25,2,PUT
249,25000,26.25,0,30.5,0,CALL
249,25000,9.75,1,13.0,1,ASSET
250,25100,27.0,1,27.5,1,CALL
250,25100,9.75,2,12.75,0,ASSET
250,25100,8.5,1,13.75,0,PUT
251,25200,9.5,1,12.5,0,ASSET
251,25200,7.75,2,14.25,2,PUT
251,25200,26.25,2,28.5,0,CALL
252,25300,9.0,0,13.5,0,ASSET
252,25300,9.75,1,12.5,2,PUT
252,25300,28.25,0,28.25,1,CALL
253,25400,8.25,1,15.0,1,ASSET
253,25400,8.0,0,14.75,2,PUT
253,25400,27.0,0,30.25,1,CALL
254,25500,11.5,1,12.25,0,PUT
254,25500,25.75,2,32.75,0,CALL
254,25500,8.0,2,15.0,2,ASSET
255,25600,26.0,0,33.0,1,CALL
255,25600,8.0,2,15.0,1,ASSET
255,25600,9.75,0,13.75,0,PUT
256,25700,25.0,0,32.25,2,CALL
256,25700,10.5,0,13.0,1,ASSET
256,25700,11.25,1,11.5,1,PUT
257,25800,26.0,1,31.0,1,CALL
257,25800,10.25,0,13.5,1,ASSET
257,25800,10.25,2,13.25,2,PUT
258,25900,26.0,1,31.0,1,CALL
258,25900,12.0,2,12.5,2,PUT
258,25900,9.75,0,14.25,0,ASSET
259,26000,11.25,1,13.75,1,PUT
259,26000,27.25,1,30.0,2,CALL
259,26000,9.25,2,15.5,0,ASSET
260,26100,8.75,0,16.0,2,PUT
260,26100,26.0,1,32.75,2,CALL
260,26100,10.75,1,13.5,0,ASSET
261,26200,11.75,2,12.25,1,PUT
261,26200,25.75,1,32.75,1,CALL
261,26200,10.75,0,13.25,0,ASSET
262,26300,30.0,1,30.5,1,CALL
262,26300,11.25,2,11.75,0,ASSET
262,26300,8.25,1,14.5,2,PUT
263,26400,11.75,1,12.0,2,ASSET
263,26400,10.75,1,12.75,2,PUT
263,26400,28.0,2,32.75,0,CALL
264,26500,11.0,2,12.0,0,ASSET
264,26500,10.5,0,13.5,2,PUT
264,26500,29.0,0,33.75,2,CALL
265,26600,8.25,0,14.75,1,ASSET
265,26600,8.0,0,14.5,0,PUT
265,26600,28.25,0,35.25,1,CALL
266,26700,6.75,0,13.5,0,PUT
266,26700,29.75,1,34.25,1,CALL
266,26700,8.75,2,11.75,2,ASSET
267,26800,27.5,1,34.25,2,CALL
267,26800,9.0,0,11.75,0,ASSET
267,26800,7.0,2,14.5,0,PUT
268,26900,27.75,1,35.0,2,CALL
268,26900,9.25,0,13.75,2,ASSET
268,26900,10.0,2,12.25,2,PUT
269,27000,29.5,2,34.0,2,CALL
269,27000,7.25,1,13.5,1,ASSET
269,27000,9.0,0,11.5,0,PUT
270,27100,9.0,2,11.5,1,ASSET
270,27100,8.0,0,13.0,2,PUT
270,27100,31.25,0,32.0,1,CALL
271,27200,9.25,2,11.25,2,PUT
271,27200,31.5,2,32.5,2,CALL
271,27200,7.5,2,12.25,1,ASSET
272,27300,9.5,1,10.5,0,PUT
272,27300,30.75,1,31.25,1,CALL
272,27300,7.75,1,12.5,1,ASSET
273,27400,8.0,1,10.75,2,PUT
273,27400,30.0,2,31.0,0,CALL
273,27400,9.25,0,10.25,1,ASSET
274,27500,6.25,2,13.75,0,PUT
274,27500,9.75,2,10.25,0,ASSET
274,27500,28.75,0,31.5,2,CALL
275,27600,6.5,0,13.25,2,ASSET
275,27600,10.0,0,10.25,0,PUT
275,27600,28.75,0,31.5,1,CALL
276,27700,9.75,0,10.75,1,ASSET
276,27700,9.25,2,12.0,2,PUT
276,27700,27.5,2,34.0,0,CALL
277,27800,7.75,2,12.75,0,ASSET
277,27800,9.25,1,11.25,1,PUT
277,27800,30.75,2,31.5,2,CALL
278,27900,9.0,1,10.25,2,PUT
278,27900,27.5,2,34.75,0,CALL
278,27900,9.75,2,10.5,2,ASSET
279,28000,29.75,2,33.75,2,CALL
279,28000,9.0,1,9.75,0,ASSET
279,28000,7.5,1,12.25,1,PUT
280,28100,28.0,1,35.5,1,CALL
280,28100,7.0,2,9.75,2,ASSET
280,28100,8.5,1,9.5,1,PUT
281,28200,31.25,1,32.25,0,CALL
281,28200,7.75,2,10.0,0,ASSET
281,28200,6.0,0,10.75,2,PUT
282,28300,32.25,2,32.75,1,CALL
282,28300,5.0,2,12.0,1,PUT
282,28300,5.25,2,11.5,2,ASSET
283,28400,4.0,1,10.75,0,PUT
283,28400,29.5,2,34.25,0,CALL
283,28400,7.0,1,8.25,0,ASSET
284,28500,6.75,2,9.5,1,PUT
284,28500,32.25,0,33.25,0,CALL
284,28500,7.5,1,8.0,2,ASSET
285,28600,7.0,0,8.0,2,PUT
285,28600,32.0,0,34.0,1,CALL
285,28600,7.25,2,7.75,0,ASSET
286,28700,29.75,0,36.5,0,CALL
286,28700,5.5,1,8.5,2,ASSET
286,28700,6.5,1,8.0,1,PUT
287,28800,6.0,1,7.5,2,ASSET
287,28800,5.0,2,8.5,0,PUT
287,28800,33.25,0,34.0,2,CALL
288,28900,4.0,0,10.5,2,ASSET
288,28900,5.25,0,8.0,0,PUT
288,28900,32.0,1,36.5,0,CALL
289,29000,7.0,2,7.75,2,ASSET
289,29000,6.5,0,7.5,2,PUT
289,29000,31.5,1,34.75,0,CALL
290,29100,4.0,1,10.75,0,ASSET
290,29100,32.0,1,35.5,1,CALL
290,29100,7.25,1,7.75,1,PUT
291,29200,31.75,1,38.0,0,CALL
291,29200,6.75,1,7.75,0,ASSET
291,29200,6.75,0,7.75,0,PUT
292,29300,31.5,1,34.25,0,CALL
292,29300,5.0,2,10.0,2,ASSET
292,29300,5.0,2,10.0,2,PUT
293,29400,33.25,2,34.0,2,CALL
293,29400,6.75,1,7.25,1,ASSET
293,29400,4.0,1,9.0,1,PUT
294,29500,6.0,0,8.5,0,ASSET
294,29500,3.75,1,10.75,1,PUT
294,29500,29.75,1,36.25,2,CALL
295,29600,5.25,1,8.0,1,PUT
295,29600,31.25,1,34.25,2,CALL
295,29600,5.25,0,8.0,1,ASSET
296,29700,5.5,1,8.0,0,PUT
296,29700,29.0,1,34.0,2,CALL
296,29700,3.75,2,10.25,2,ASSET
297,29800,5.5,0,6.5,0,PUT
297,29800,29.5,0,34.5,2,CALL
297,29800,4.5,0,7.25,1,ASSET
298,29900,31.25,0,32.25,2,CALL
298,29900,4.0,0,8.75,0,ASSET
298,29900,5.5,2,6.75,2,PUT
299,30000,4.25,1,7.25,1,ASSET
299,30000,4.0,0,8.75,1,PUT
299,30000,30.75,0,35.5,2,CALL
300,30100,5.0,1,8.0,0,ASSET
300,30100,5.75,0,6.75,0,PUT
300,30100,28.5,2,36.0,0,CALL
301,30200,3.5,0,8.25,0,ASSET
301,30200,2.25,2,9.0,1,PUT
301,30200,30.5,1,31.75,2,CALL
302,30300,5.75,1,5.75,1,PUT
302,30300,29.5,0,32.75,0,CALL
302,30300,3.25,2,8.25,1,ASSET
303,30400,28.0,1,35.25,1,CALL
303,30400,3.0,2,8.25,2,ASSET
303,30400,5.25,1,6.0,1,PUT
304,30500,30.5,0,33.0,1,CALL
304,30500,3.75,2,6.75,0,ASSET
304,30500,2.25,0,9.0,1,PUT
305,30600,30.0,2,32.0,1,CALL
305,30600,3.25,1,7.25,2,ASSET
305,30600,4.25,2,7.0,2,PUT
306,30700,27.25,2,33.25,1,CALL
306,30700,5.0,2,5.75,0,PUT
306,30700,2.25,1,8.25,0,ASSET
307,30800,4.75,1,5.5,2,PUT
307,30800,27.75,0,33.75,1,CALL
307,30800,5.0,1,5.75,2,ASSET
308,30900,4.25,0,5.5,1,PUT
308,30900,28.0,2,34.75,1,CALL
308,30900,2.0,1,8.0,1,ASSET
309,31000,3.75,1,6.0,0,PUT
309,31000,30.25,1,31.0,2,CALL
309,31000,2.75,0,7.0,2,ASSET
310,31100,27.25,0,31.75,2,CALL
310,31100,4.5,0,5.0,1,ASSET
310,31100,1.25,0,8.0,0,PUT
311,31200,3.0,2,7.5,2,ASSET
311,31200,2.75,0,7.5,2,PUT
311,31200,28.5,2,33.25,2,CALL
312,31300,3.0,0,6.0,1,ASSET
312,31300,4.75,1,5.5,2,PUT
312,31300,28.5,0,31.5,2,CALL
313,31400,3.25,2,6.25,1,PUT
313,31400,28.0,0,29.5,0,CALL
313,31400,2.5,0,6.5,0,ASSET
314,31500,25.25,0,32.0,2,CALL
314,31500,3.5,1,6.25,2,ASSET
314,31500,1.0,0,8.25,1,PUT
315,31600,27.75,2,29.25,1,CALL
315,31600,2.25,0,7.5,1,ASSET
315,31600,2.75,0,6.75,0,PUT
316,31700,26.5,1,32.0,1,CALL
316,31700,2.0,0,7.25,2,ASSET
316,31700,2.25,2,7.5,2,PUT
317,31800,3.5,2,4.5,1,ASSET
317,31800,2.0,0,7.0,2,PUT
317,31800,25.25,1,32.75,1,CALL
318,31900,2.25,0,5.25,0,PUT
318,31900,25.75,1,30.5,0,CALL
318,31900,1.75,2,6.0,1,ASSET
319,32000,3.75,1,4.25,0,PUT
319,32000,26.25,0,32.5,1,CALL
319,32000,4.25,2,5.0,0,ASSET
320,32100,3.5,1,6.25,2,PUT
320,32100,26.75,1,30.75,0,CALL
320,32100,3.5,1,5.5,1,ASSET
321,32200,3.5,0,4.5,0,PUT
321,32200,2.25,2,6.75,1,ASSET
321,32200,28.75,2,28.75,0,CALL
322,32300,1.75,0,8.0,0,ASSET
322,32300,2.25,0,7.25,0,PUT
322,32300,27.0,0,29.75,0,CALL
323,32400,2.75,2,5.5,2,ASSET
323,32400,2.75,2,6.25,2,PUT
323,32400,26.75,1,32.0,1,CALL
324,32500,4.0,0,5.0,2,ASSET
324,32500,4.0,0,5.25,1,PUT
324,32500,29.0,2,29.25,1,CALL
325,32600,1.75,2,7.25,1,PUT
325,32600,25.25,1,32.25,0,CALL
325,32600,2.75,0,5.75,1,ASSET
326,32700,28.25,2,29.0,0,CALL
326,32700,2.5,1,6.75,2,ASSET
326,32700,3.25,0,6.0,2,PUT
327,32800,26.25,1,30.75,0,CALL
327,32800,3.0,1,7.25,0,ASSET
327,32800,4.25,1,7.0,1,PUT
328,32900,25.0,0,31.75,1,CALL
328,32900,3.25,0,6.0,0,ASSET
328,32900,2.75,1,7.5,1,PUT
329,33000,0.75,0,8.25,1,ASSET
329,33000,4.25,2,4.5,0,PUT
329,33000,26.5,2,31.25,2,CALL
330,33100,4.0,2,5.5,1,PUT
330,33100,28.25,1,30.25,1,CALL
330,33100,4.5,2,5.5,2,ASSET
331,33200,1.5,1,8.25,1,PUT
331,33200,29.0,2,30.25,0,CALL
331,33200,0.75,2,8.0,2,ASSET
332,33300,4.0,1,7.0,1,PUT
332,33300,28.75,0,29.5,1,CALL
332,33300,4.5,2,5.25,0,ASSET
333,33400,25.5,0,32.75,0,CALL
333,33400,3.75,0,6.5,1,ASSET
333,33400,3.25,2,6.25,1,PUT
334,33500,3.25,0,8.0,1,ASSET
334,33500,4.0,2,6.75,0,PUT
334,33500,27.25,2,29.5,2,CALL
335,33600,4.25,1,7.25,0,ASSET
335,33600,4.75,1,7.0,1,PUT
335,33600,28.25,2,28.25,1,CALL
336,33700,6.25,1,6.75,2,ASSET
336,33700,3.25,2,10.0,1,PUT
336,33700,27.5,1,31.5,1,CALL
337,33800,4.5,2,7.25,1,ASSET
337,33800,28.25,1,33.0,1,CALL
337,33800,2.75,2,9.25,0,PUT
338,33900,27.5,0,34.25,0,CALL
338,33900,3.0,1,9.75,0,ASSET
338,33900,3.0,2,9.75,2,PUT
339,34000,29.5,2,31.5,2,CALL
339,34000,4.0,2,8.75,1,ASSET
339,34000,2.75,0,9.75,2,PUT
340,34100,27.75,2,32.0,2,CALL
340,34100,3.25,1,10.0,1,ASSET
340,34100,5.25,0,7.5,0,PUT
341,34200,3.75,2,8.5,0,ASSET
341,34200,6.25,2,7.25,2,PUT
341,34200,28.25,0,29.0,2,CALL
342,34300,3.25,0,9.5,0,PUT
342,34300,28.0,2,31.25,1,CALL
342,34300,4.25,1,8.5,0,ASSET
343,34400,3.25,1,8.0,1,PUT
343,34400,26.75,0,31.75,0,CALL
343,34400,3.0,1,9.0,2,ASSET
344,34500,6.0,0,7.25,0,PUT
344,34500,25.25,0,32.0,2,CALL
344,34500,2.75,1,10.0,0,ASSET
345,34600,3.75,2,8.75,1,PUT
345,34600,4.25,0,9.0,1,ASSET
345,34600,25.75,2,32.5,2,CALL
346,34700,4.25,0,9.0,2,ASSET
346,34700,5.0,1,9.5,1,PUT
346,34700,27.0,1,30.0,1,CALL
347,34800,5.75,0,8.75,2,ASSET
347,34800,7.0,0,8.0,1,PUT
347,34800,27.5,2,28.0,0,CALL
348,34900,7.5,2,8.0,2,ASSET
348,34900,5.75,2,9.0,0,PUT
348,34900,26.75,2,29.25,1,CALL
349,35000,6.0,1,8.0,1,PUT
349,35000,26.0,1,31.0,1,CALL
349,35000,5.25,1,8.25,0,ASSET
350,35100,25.75,2,30.5,2,CALL
350,35100,6.75,2,7.5,1,ASSET
350,35100,5.0,0,9.5,1,PUT
351,35200,27.25,2,29.75,1,CALL
351,35200,7.0,0,9.75,2,ASSET
351,35200,6.5,0,9.75,1,PUT
352,35300,27.5,2,30.25,2,CALL
352,35300,4.5,1,11.5,2,ASSET
352,35300,5.25,2,11.25,0,PUT
353,35400,25.5,2,30.5,1,CALL
353,35400,6.0,1,10.5,1,PUT
353,35400,7.5,2,9.0,1,ASSET
354,35500,5.5,1,11.75,0,PUT
354,35500,26.75,1,31.25,1,CALL
354,35500,5.0,2,11.75,1,ASSET
355,35600,5.0,1,11.25,0,PUT
355,35600,27.0,1,31.5,0,CALL
355,35600,8.0,1,8.25,2,ASSET
356,35700,7.5,1,8.25,0,PUT
356,35700,28.5,1,31.0,0,CALL
356,35700,4.25,1,11.0,1,ASSET
357,35800,25.75,0,32.5,1,CALL
357,35800,5.75,1,10.75,1,ASSET
357,35800,4.5,0,11.25,2,PUT
358,35900,6.25,2,10.25,1,ASSET
358,35900,7.0,2,9.25,2,PUT
358,35900,27.0,0,30.25,2,CALL
359,36000,4.5,2,11.0,2,ASSET
359,36000,7.25,0,8.5,1,PUT
359,36000,26.5,2,30.75,0,CALL
360,36100,7.5,0,8.5,1,ASSET
360,36100,4.75,1,11.5,0,PUT
360,36100,26.5,2,30.75,1,CALL
361,36200,6.75,0,11.25,2,PUT
361,36200,26.25,0,29.5,2,CALL
361,36200,7.25,1,9.75,1,ASSET
362,36300,27.75,0,30.0,2,CALL
362,36300,6.25,0,11.0,0,ASSET
362,36300,5.25,0,12.25,2,PUT
363,36400,28.25,1,31.25,0,CALL
363,36400,4.5,0,11.75,0,ASSET
363,36400,5.75,2,10.0,0,PUT
364,36500,27.25,1,30.25,1,CALL
364,36500,4.75,2,11.5,2,ASSET
364,36500,7.0,0,9.5,2,PUT
365,36600,5.0,2,9.75,2,ASSET
365,36600,4.25,0,10.5,1,PUT
365,36600,26.0,2,31.25,2,CALL
366,36700,7.0,1,9.5,0,PUT
366,36700,26.0,0,32.25,2,CALL
366,36700,7.0,1,9.25,2,ASSET
367,36800,5.0,0,11.75,0,PUT
367,36800,27.75,0,30.0,0,CALL
367,36800,5.5,0,11.75,0,ASSET
368,36900,7.25,1,10.25,2,PUT
368,36900,28.5,0,31.25,1,CALL
368,36900,6.75,2,11.0,1,ASSET
369,37000,7.0,2,9.25,2,PUT
369,37000,4.75,0,11.5,0,ASSET
369,37000,30.0,1,31.0,2,CALL
370,37100,4.0,0,11.25,0,ASSET
370,37100,6.75,1,9.0,1,PUT
370,37100,26.0,0,32.5,1,CALL
371,37200,7.25,0,7.75,1,ASSET
371,37200,7.0,1,8.0,2,PUT
371,37200,27.25,2,32.0,0,CALL
372,37300,29.0,2,31.75,1,CALL
372,37300,7.0,0,7.25,2,PUT
372,37300,4.5,0,9.25,0,ASSET
373,37400,6.5,2,8.5,0,PUT
373,37400,4.0,2,11.0,0,ASSET
373,37400,27.5,2,32.25,1,CALL
374,37500,4.5,0,11.0,0,ASSET
374,37500,7.0,1,8.25,1,PUT
374,37500,29.0,1,31.5,0,CALL
375,37600,28.5,2,30.75,0,CALL
375,37600,4.25,0,11.0,2,ASSET
375,37600,5.75,1,10.5,0,PUT
376,37700,27.0,0,30.5,1,CALL
376,37700,5.5,1,10.0,2,PUT
376,37700,4.75,2,11.0,0,ASSET
377,37800,5.5,0,10.25,2,PUT
377,37800,24.5,1,31.25,1,CALL
377,37800,7.75,2,8.5,0,ASSET
378,37900,6.0,2,10.25,1,PUT
378,37900,25.5,0,28.25,2,CALL
378,37900,7.0,1,9.0,0,ASSET
379,38000,8.25,2,8.5,0,PUT
379,38000,22.75,0,29.5,2,CALL
379,38000,5.0,0,11.5,2,ASSET
380,38100,25.75,0,29.25,0,CALL
380,38100,5.25,0,11.25,2,ASSET
380,38100,4.75,1,11.75,2,PUT
381,38200,5.25,2,12.0,2,ASSET
381,38200,6.75,0,9.75,1,PUT
381,38200,27.5,1,28.0,1,CALL
382,38300,8.0,1,8.5,0,ASSET
382,38300,6.5,2,10.5,2,PUT
382,38300,25.75,2,30.5,1,CALL
383,38400,5.25,1,12.0,2,ASSET
383,38400,4.5,2,12.0,0,PUT
383,38400,24.5,1,31.5,2,CALL
384,38500,6.5,1,11.25,0,ASSET
384,38500,27.5,0,28.5,1,CALL
384,38500,5.75,2,12.25,2,PUT
385,38600,25.0,2,31.75,0,CALL
385,38600,6.25,0,10.5,0,ASSET
385,38600,4.75,0,11.5,1,PUT
386,38700,26.75,1,31.5,1,CALL
386,38700,5.25,1,11.75,2,ASSET
386,38700,7.75,1,8.5,0,PUT
387,38800,28.75,1,29.25,2,CALL
387,38800,7.5,2,8.75,0,ASSET
387,38800,7.0,1,9.5,2,PUT
388,38900,8.0,2,8.25,0,ASSET
388,38900,7.25,1,8.25,1,PUT
388,38900,26.0,1,32.75,2,CALL
389,39000,6.25,0,10.5,1,PUT
389,39000,27.25,1,30.5,2,CALL
389,39000,8.0,2,9.0,0,ASSET
390,39100,8.0,1,9.25,1,PUT
390,39100,25.0,0,32.0,1,CALL
390,39100,8.75,0,9.25,0,ASSET
391,39200,7.0,0,11.5,1,PUT
391,39200,26.75,1,30.25,1,CALL
391,39200,6.0,1,12.5,2,ASSET
392,39300,27.25,2,30.25,1,CALL
392,39300,6.5,0,13.25,0,ASSET
392,39300,9.75,2,10.0,2,PUT
393,39400,7.75,1,12.25,1,ASSET
393,39400,7.25,1,12.5,2,PUT
393,39400,27.25,2,28.5,2,CALL
394,39500,8.5,2,10.75,2,ASSET
394,39500,8.25,0,11.25,0,PUT
394,39500,25.25,1,30.25,0,CALL
395,39600,8.25,0,10.75,0,ASSET
395,39600,7.25,0,11.5,0,PUT
395,39600,25.5,2,28.25,2,CALL
396,39700,7.25,1,12.25,2,PUT
396,39700,25.75,1,26.5,1,CALL
396,39700,9.25,0,9.75,2,ASSET
397,39800,23.25,1,28.5,1,CALL
397,39800,9.25,0,11.25,0,ASSET
397,39800,7.75,1,12.5,2,PUT
398,39900,25.75,2,26.75,1,CALL
398,39900,8.25,2,11.5,0,ASSET
398,39900,8.0,2,11.5,0,PUT
399,40000,25.25,0,26.5,2,CALL
399,40000,6.75,1,13.5,0,ASSET
399,40000,7.5,0,12.75,2,PUT
400,40100,24.5,0,27.75,2,CALL
400,40100,7.75,0,13.25,1,PUT
400,40100,7.25,0,14.0,2,ASSET
401,40200,7.75,2,12.5,1,PUT
401,40200,24.5,0,25.25,0,CALL
401,40200,9.0,0,11.25,1,ASSET
402,40300,8.0,1,12.0,2,PUT
402,40300,22.0,0,28.75,0,CALL
402,40300,6.75,1,13.25,2,ASSET
403,40400,9.75,0,10.5,2,PUT
403,40400,21.75,1,28.25,1,CALL
403,40400,9.5,2,9.75,0,ASSET
404,40500,22.5,1,26.5,2,CALL
404,40500,6.75,0,13.75,2,ASSET
404,40500,8.25,0,13.0,1,PUT
405,40600,8.25,0,13.0,2,ASSET
405,40600,7.0,0,14.0,2,PUT
405,40600,21.25,1,28.25,0,CALL
406,40700,9.75,0,12.25,1,ASSET
406,40700,7.5,2,14.0,1,PUT
406,40700,24.5,1,25.0,1,CALL
407,40800,8.0,2,14.5,1,ASSET
407,40800,11.25,1,12.0,2,PUT
407,40800,24.0,0,25.25,2,CALL
408,40900,8.0,2,14.5,2,ASSET
408,40900,21.5,2,27.5,0,CALL
408,40900,11.0,2,11.75,2,PUT
409,41000,23.75,1,23.75,1,CALL
409,41000,11.5,2,12.25,1,ASSET
409,41000,8.75,1,15.25,0,PUT
410,41100,24.5,1,25.0,0,CALL
410,41100,9.25,0,14.0,2,ASSET
410,41100,8.5,1,15.25,2,PUT
411,41200,23.25,2,26.5,2,CALL
411,41200,8.25,0,15.5,0,ASSET
411,41200,10.25,2,13.25,1,PUT
412,41300,11.25,2,12.5,0,ASSET
412,41300,10.5,1,13.75,0,PUT
412,41300,24.75,1,26.0,2,CALL
413,41400,8.5,2,15.5,2,PUT
413,41400,21.0,0,27.5,2,CALL
413,41400,11.5,2,12.25,0,ASSET
414,41500,8.25,1,14.75,1,PUT
414,41500,20.5,2,27.25,0,CALL
414,41500,10.5,1,12.75,1,ASSET
415,41600,10.0,1,15.0,2,PUT
415,41600,20.5,2,27.0,0,CALL
415,41600,9.25,1,16.0,2,ASSET
416,41700,9.0,1,15.5,0,PUT
416,41700,10.25,2,14.75,2,ASSET
416,41700,21.5,2,28.25,1,CALL
417,41800,12.5,1,12.5,2,ASSET
417,41800,8.75,1,16.25,0,PUT
417,41800,21.5,0,28.75,1,CALL
418,41900,11.25,2,14.5,2,ASSET
418,41900,10.5,2,15.5,2,PUT
418,41900,21.5,1,27.5,0,CALL
419,42000,10.0,1,16.5,1,ASSET
419,42000,12.25,1,13.75,1,PUT
419,42000,22.75,0,25.0,2,CALL
420,42100,13.0,1,14.25,0,PUT
420,42100,19.75,1,27.0,2,CALL
420,42100,10.5,2,16.5,2,ASSET
421,42200,20.0,1,25.25,0,CALL
421,42200,12.75,2,14.0,1,ASSET
421,42200,12.5,2,13.5,1,PUT
422,42300,20.5,0,25.25,0,CALL
422,42300,12.25,2,15.0,2,ASSET
422,42300,10.25,0,16.5,0,PUT
423,42400,21.75,2,22.75,1,CALL
423,42400,9.75,0,16.5,2,ASSET
423,42400,12.5,1,13.0,1,PUT
424,42500,9.75,0,16.5,2,ASSET
424,42500,9.75,2,16.75,0,PUT
424,42500,23.0,0,23.0,0,CALL
425,42600,11.25,2,16.0,1,PUT
425,42600,21.25,0,24.25,1,CALL
425,42600,10.0,2,16.25,1,ASSET
426,42700,9.5,0,16.25,1,PUT
426,42700,20.75,0,23.5,0,CALL
426,42700,10.75,1,15.25,2,ASSET
427,42800,11.0,2,13.5,2,PUT
427,42800,23.0,0,23.25,2,CALL
427,42800,11.25,0,14.0,1,ASSET
428,42900,21.75,1,24.5,2,CALL
428,42900,11.25,0,14.0,0,ASSET
428,42900,12.0,2,12.75,0,PUT
429,43000,11.5,2,14.25,2,ASSET
429,43000,13.0,0,13.5,1,PUT
429,43000,20.0,2,27.5,1,CALL
430,43100,11.25,1,15.25,1,ASSET
430,43100,10.5,0,15.75,1,PUT
430,43100,20.25,0,27.0,2,CALL
431,43200,12.5,2,15.0,1,ASSET
431,43200,10.5,0,17.0,1,PUT
431,43200,22.75,2,25.5,1,CALL
432,43300,12.25,0,15.0,1,ASSET
432,43300,24.75,2,26.0,0,CALL
432,43300,12.75,2,13.75,2,PUT
433,43400,25.5,0,26.25,2,CALL
433,43400,13.75,1,14.25,0,ASSET
433,43400,11.75,0,16.5,0,PUT
434,43500,26.25,1,27.0,2,CALL
434,43500,12.75,2,15.75,0,ASSET
434,43500,11.5,1,17.5,0,PUT
435,43600,11.5,0,18.25,0,PUT
435,43600,15.0,1,15.75,2,ASSET
435,43600,23.75,0,26.75,2,CALL
436,43700,13.25,2,16.0,1,ASSET
436,43700,24.25,1,27.5,1,CALL
436,43700,14.0,0,15.5,2,PUT
437,43800,25.25,0,26.0,1,CALL
437,43800,13.25,1,15.5,2,ASSET
437,43800,14.25,0,15.25,0,PUT
438,43900,13.0,2,15.75,2,PUT
438,43900,23.0,1,28.0,0,CALL
438,43900,13.5,0,16.25,1,ASSET
439,44000,25.0,2,25.25,0,CALL
439,44000,12.75,1,18.0,2,ASSET
439,44000,13.5,1,16.5,0,PUT
440,44100,14.25,1,15.75,2,ASSET
440,44100,12.25,1,17.0,1,PUT
440,44100,22.75,2,25.5,0,CALL
441,44200,12.0,2,18.75,0,ASSET
441,44200,15.75,0,16.0,1,PUT
441,44200,21.25,0,27.5,2,CALL
442,44300,12.75,0,20.0,2,ASSET
442,44300,13.5,1,18.25,0,PUT
442,44300,21.25,1,28.5,2,CALL
443,44400,14.75,1,17.0,0,PUT
443,44400,23.0,2,27.75,0,CALL
443,44400,15.5,0,16.5,2,ASSET
444,44500,22.0,1,28.75,2,CALL
444,44500,12.5,0,17.75,0,ASSET
444,44500,14.25,0,15.75,1,PUT
445,44600,26.5,1,27.25,1,CALL
445,44600,12.75,0,17.5,2,ASSET
445,44600,11.75,0,18.75,1,PUT
446,44700,26.0,1,28.75,1,CALL
446,44700,13.25,1,15.5,1,ASSET
446,44700,12.0,2,17.25,0,PUT
447,44800,24.5,2,29.75,0,CALL
447,44800,11.0,2,17.75,2,PUT
447,44800,11.75,2,16.75,2,ASSET
448,44900,13.5,1,15.75,1,PUT
448,44900,25.75,2,30.5,2,CALL
448,44900,13.25,0,16.25,2,ASSET
449,45000,13.5,1,15.0,0,PUT
449,45000,27.0,0,27.75,0,CALL
449,45000,11.0,1,17.5,2,ASSET
450,45100,12.75,0,15.5,2,PUT
450,45100,23.75,1,30.5,2,CALL
450,45100,12.25,1,17.0,0,ASSET
451,45200,23.75,0,30.75,0,CALL
451,45200,13.75,0,15.0,2,ASSET
451,45200,13.0,1,15.5,2,PUT
452,45300,11.5,2,18.25,2,ASSET
452,45300,11.25,1,18.25,1,PUT
452,45300,24.0,1,28.5,2,CALL
453,45400,11.75,2,18.0,0,ASSET
453,45400,13.25,0,16.5,1,PUT
453,45400,22.25,1,28.75,1,CALL
454,45500,12.0,0,16.75,0,ASSET
454,45500,12.75,1,15.75,0,PUT
454,45500,22.75,1,29.75,1,CALL
455,45600,13.75,1,16.0,2,PUT
455,45600,22.5,1,29.5,1,CALL
455,45600,12.75,0,17.0,1,ASSET
456,45700,21.25,1,28.25,2,CALL
456,45700,12.5,1,17.25,1,ASSET
456,45700,14.5,1,15.5,0,PUT
457,45800,23.25,1,27.5,1,CALL
457,45800,11.75,2,16.5,2,ASSET
457,45800,13.0,1,16.0,1,PUT
458,45900,24.25,1,26.75,0,CALL
458,45900,13.5,0,14.75,2,ASSET
458,45900,14.25,0,15.0,0,PUT
459,46000,10.5,0,16.75,0,ASSET
459,46000,12.25,2,15.0,2,PUT
459,46000,22.25,1,29.0,2,CALL
460,46100,10.0,2,16.0,0,PUT
460,46100,23.5,1,28.25,2,CALL
460,46100,10.5,1,15.25,0,ASSET
461,46200,11.25,0,14.0,2,PUT
461,46200,23.0,0,27.25,1,CALL
461,46200,11.75,1,12.75,0,ASSET
462,46300,11.75,1,14.75,1,PUT
462,46300,22.0,2,28.75,1,CALL
462,46300,10.75,0,15.75,1,ASSET
463,46400,11.25,0,13.5,1,PUT
463,46400,9.25,1,15.75,1,ASSET
463,46400,22.5,0,29.5,1,CALL
464,46500,11.25,0,11.75,0,ASSET
464,46500,10.25,2,13.0,1,PUT
464,46500,24.25,0,27.0,1,CALL
465,46600,8.75,2,15.0,1,ASSET
465,46600,10.75,1,13.75,0,PUT
465,46600,23.75,0,26.5,2,CALL
466,46700,10.25,0,15.0,1,ASSET
466,46700,10.5,0,15.25,0,PUT
466,46700,23.5,2,26.0,0,CALL
467,46800,11.0,1,13.5,2,PUT
467,46800,25.25,0,25.5,0,CALL
467,46800,11.75,0,13.25,1,ASSET
468,46900,24.0,1,26.75,1,CALL
468,46900,10.0,0,14.75,1,ASSET
468,46900,10.5,2,14.75,0,PUT
469,47000,25.25,2,26.0,0,CALL
469,47000,9.5,2,16.75,1,ASSET
469,47000,11.0,1,15.75,2,PUT
470,47100,23.25,1,28.25,0,CALL
470,47100,12.0,2,13.0,2,PUT
470,47100,12.25,2,12.5,0,ASSET
471,47200,8.25,1,15.5,0,PUT
471,47200,23.25,1,28.25,1,CALL
471,47200,8.25,1,15.75,2,ASSET
472,47300,10.5,1,15.0,2,PUT
472,47300,25.25,0,26.0,2,CALL
472,47300,12.25,2,12.5,1,ASSET
473,47400,10.0,2,14.75,1,PUT
473,47400,24.75,2,25.75,2,CALL
473,47400,9.5,0,16.5,2,ASSET
474,47500,23.0,0,27.5,0,CALL
474,47500,12.0,0,14.75,1,ASSET
474,47500,10.5,1,15.75,2,PUT
475,47600,12.0,2,15.0,1,ASSET
475,47600,9.75,0,16.5,2,PUT
475,47600,21.75,1,28.25,1,CALL
476,47700,12.0,1,15.0,0,ASSET
476,47700,11.75,0,15.25,0,PUT
476,47700,21.0,1,27.25,1,CALL
477,47800,10.25,1,17.75,1,ASSET
477,47800,12.75,2,15.75,1,PUT
477,47800,22.5,2,25.75,1,CALL
478,47900,11.5,2,16.75,0,ASSET
478,47900,21.25,0,28.0,2,CALL
478,47900,13.75,1,15.0,1,PUT
479,48000,21.25,0,26.25,0,CALL
479,48000,9.75,1,16.5,1,ASSET
479,48000,10.25,0,17.0,1,PUT
480,48100,22.5,2,25.25,2,CALL
480,48100,13.0,0,15.75,0,ASSET
480,48100,13.5,2,14.0,0,PUT
481,48200,19.5,1,26.0,1,CALL
481,48200,12.25,0,14.75,1,ASSET
481,48200,10.0,0,17.0,1,PUT
482,48300,10.0,1,16.0,2,PUT
482,48300,22.75,2,23.5,1,CALL
482,48300,11.25,0,14.0,1,ASSET
483,48400,13.5,1,14.0,1,ASSET
483,48400,19.5,2,25.5,1,CALL
483,48400,11.0,0,16.0,0,PUT
484,48500,11.25,2,16.25,0,PUT
484,48500,21.0,2,24.25,2,CALL
484,48500,11.25,2,16.0,2,ASSET
485,48600,13.5,0,14.5,1,PUT
485,48600,20.5,0,27.5,0,CALL
485,48600,12.25,2,14.75,1,ASSET
486,48700,21.25,0,26.75,2,CALL
486,48700,10.75,2,17.25,0,ASSET
486,48700,13.25,1,14.5,1,PUT
487,48800,13.0,2,13.0,2,ASSET
487,48800,9.75,0,16.75,0,PUT
487,48800,23.25,0,25.75,1,CALL
488,48900,11.75,2,12.5,2,ASSET
488,48900,9.0,1,15.75,1,PUT
488,48900,24.75,0,25.0,2,CALL
489,49000,11.75,2,13.0,2,ASSET
489,49000,10.0,1,14.75,0,PUT
489,49000,23.75,2,26.5,1,CALL
490,49100,21.5,0,28.25,0,CALL
490,49100,12.0,2,12.0,0,ASSET
490,49100,12.0,0,12.5,2,PUT
491,49200,10.0,1,14.75,1,PUT
491,49200,8.75,0,15.25,1,ASSET
491,49200,23.25,1,28.25,0,CALL
492,49300,25.25,1,25.75,0,CALL
492,49300,8.25,2,15.75,1,ASSET
492,49300,10.25,0,13.0,0,PUT
493,49400,24.25,1,27.0,1,CALL
493,49400,8.5,2,15.25,0,ASSET
493,49400,8.25,0,15.0,0,PUT
494,49500,23.0,0,29.5,0,CALL
494,49500,9.0,0,13.75,0,PUT
494,49500,8.75,1,13.25,2,ASSET
495,49600,11.5,0,11.5,2,PUT
495,49600,10.75,1,12.25,1,ASSET
495,49600,23.75,1,26.75,0,CALL
496,49700,11.5,1,12.25,2,PUT
496,49700,8.5,1,15.75,2,ASSET
496,49700,22.25,1,27.75,0,CALL
497,49800,9.75,2,14.25,2,PUT
497,49800,9.25,1,15.25,2,ASSET
497,49800,23.0,1,26.0,1,CALL
498,49900,10.75,0,14.0,2,PUT
498,49900,10.25,0,14.75,1,ASSET
498,49900,24.0,0,24.25,0,CALL
499,50000,10.75,0,13.5,1,ASSET
499,50000,23.75,2,24.5,2,CALL
499,50000,10.5,1,13.75,2,PUT
500,50100,21.25,0,26.0,0,CALL
500,50100,10.5,0,13.75,1,PUT
500,50100,9.5,2,14.5,1,ASSET
501,50200,20.5,2,25.75,0,CALL
501,50200,9.5,1,15.0,1,ASSET
501,50200,9.25,0,15.25,0,PUT
502,50300,23.0,1,24.0,2,CALL
502,50300,13.0,1,13.5,2,ASSET
502,50300,12.25,0,13.5,0,PUT
503,50400,9.5,0,15.5,1,PUT
503,50400,12.0,1,12.75,1,ASSET
503,50400,19.75,0,26.5,0,CALL
504,50500,24.25,1,24.25,1,CALL
504,50500,9.75,0,14.5,1,ASSET
504,50500,10.0,0,14.5,0,PUT
505,50600,12.5,1,12.75,0,PUT
505,50600,20.5,2,27.5,1,CALL
505,50600,10.5,0,15.0,0,ASSET
506,50700,22.0,1,25.5,2,CALL
506,50700,10.0,1,15.0,1,PUT
506,50700,11.5,2,14.0,1,ASSET
507,50800,22.25,2,25.0,0,CALL
507,50800,8.25,0,15.25,0,PUT
507,50800,12.0,1,12.5,0,ASSET
508,50900,24.25,2,24.75,1,CALL
508,50900,12.0,2,12.0,0,ASSET
508,50900,11.25,2,12.0,2,PUT
509,51000,9.0,1,14.0,1,ASSET
509,51000,11.25,0,12.0,2,PUT
509,51000,22.25,2,27.5,0,CALL
510,51100,11.25,0,12.0,1,ASSET
510,51100,8.0,1,15.5,2,PUT
510,51100,24.0,2,25.0,2,CALL
511,51200,8.75,1,13.75,2,ASSET
511,51200,9.0,0,14.25,0,PUT
511,51200,20.75,2,25.75,1,CALL
512,51300,11.25,0,12.0,2,PUT
512,51300,9.5,1,14.5,0,ASSET
512,51300,22.5,1,24.75,0,CALL
513,51400,8.75,1,13.0,2,ASSET
513,51400,10.75,2,11.5,1,PUT
513,51400,22.75,2,24.25,2,CALL
514,51500,22.5,2,25.0,1,CALL
514,51500,8.25,0,13.25,1,ASSET
514,51500,9.25,2,12.0,0,PUT
515,51600,10.5,1,11.0,0,ASSET
515,51600,9.5,1,12.5,0,PUT
515,51600,20.25,0,27.0,0,CALL
516,51700,8.5,0,15.25,2,ASSET
516,51700,10.5,1,12.5,2,PUT
516,51700,21.5,2,24.0,1,CALL
517,51800,8.75,1,14.25,1,PUT
517,51800,11.0,0,11.75,1,ASSET
517,51800,21.0,2,26.25,2,CALL
518,51900,10.25,0,13.0,0,ASSET
518,51900,8.5,0,13.75,2,PUT
518,51900,24.0,1,24.5,2,CALL
519,52000,11.0,1,11.75,2,ASSET
519,52000,9.5,0,13.75,0,PUT
519,52000,22.0,0,26.0,1,CALL
520,52100,9.5,0,12.75,0,ASSET
520,52100,11.0,0,11.75,1,PUT
520,52100,22.0,2,27.25,2,CALL
521,52200,11.0,1,11.5,1,ASSET
521,52200,8.0,2,15.0,1,PUT
521,52200,21.25,2,28.5,2,CALL
522,52300,20.5,2,27.25,0,CALL
522,52300,10.75,1,11.75,0,PUT
522,52300,9.75,1,12.25,1,ASSET
523,52400,9.5,0,11.75,0,PUT
523,52400,21.5,1,28.25,0,CALL
523,52400,10.25,1,10.5,0,ASSET
524,52500,21.5,2,28.25,2,CALL
524,52500,9.75,0,10.0,0,PUT
524,52500,9.0,0,11.5,1,ASSET
525,52600,22.5,1,25.25,2,CALL
525,52600,10.0,0,10.25,0,PUT
525,52600,8.5,1,11.0,2,ASSET
526,52700,7.0,0,14.0,0,ASSET
526,52700,8.25,1,13.25,1,PUT
526,52700,19.75,0,26.75,1,CALL
527,52800,10.75,0,12.0,2,ASSET
527,52800,20.25,1,25.5,1,CALL
527,52800,10.25,1,12.5,0,PUT
528,52900,20.25,1,27.25,0,CALL
528,52900,7.75,1,14.5,0,ASSET
528,52900,10.25,0,13.0,1,PUT
529,53000,9.75,1,12.75,1,PUT
529,53000,24.25,1,24.75,1,CALL
529,53000,9.75,1,12.75,1,ASSET
530,53100,8.75,1,11.75,1,ASSET
530,53100,10.25,2,10.75,2,PUT
530,53100,24.0,2,25.0,2,CALL
531,53200,9.75,0,10.5,1,ASSET
531,53200,7.25,2,14.25,1,PUT
531,53200,24.5,0,27.0,1,CALL
532,53300,10.25,0,10.5,0,PUT
532,53300,24.0,2,26.0,1,CALL
532,53300,9.5,0,10.25,2,ASSET
533,53400,8.75,1,11.5,2,ASSET
533,53400,23.5,2,25.75,1,CALL
533,53400,8.75,0,11.75,0,PUT
534,53500,7.5,1,13.75,0,ASSET
534,53500,22.5,2,27.5,1,CALL
534,53500,8.0,2,13.25,1,PUT
535,53600,10.25,0,11.0,2,PUT
535,53600,9.25,0,12.25,1,ASSET
535,53600,21.0,2,27.25,0,CALL
536,53700,8.5,0,13.25,2,ASSET
536,53700,21.25,1,26.25,2,CALL
536,53700,10.5,2,11.25,0,PUT
537,53800,8.5,1,13.0,0,PUT
537,53800,23.75,0,24.25,1,CALL
537,53800,9.0,2,12.25,2,ASSET
538,53900,6.75,1,13.0,1,PUT
538,53900,22.0,2,26.25,0,CALL
538,53900,7.25,2,12.25,0,ASSET
539,54000,22.5,1,26.75,0,CALL
539,54000,6.0,1,13.5,0,ASSET
539,54000,6.25,1,13.25,1,PUT
540,54100,8.25,0,12.75,1,PUT
540,54100,24.5,2,24.75,1,CALL
540,54100,8.5,2,11.25,1,ASSET
541,54200,8.75,1,13.25,2,ASSET
541,54200,8.0,0,12.75,0,PUT
541,54200,24.0,2,24.75,2,CALL
542,54300,9.0,2,11.75,2,ASSET
542,54300,22.5,2,27.0,1,CALL
542,54300,9.0,2,12.25,1,PUT
543,54400,9.5,0,11.75,1,ASSET
543,54400,7.25,2,13.75,1,PUT
543,54400,24.5,1,25.5,2,CALL
544,54500,8.0,0,13.25,2,PUT
544,54500,21.5,2,25.75,0,CALL
544,54500,8.25,2,12.75,0,ASSET
545,54600,7.75,1,13.25,2,PUT
545,54600,20.25,2,27.0,0,CALL
545,54600,10.5,2,11.0,1,ASSET
546,54700,8.0,2,14.5,1,ASSET
546,54700,22.75,1,23.5,2,CALL
546,54700,8.0,0,15.0,0,PUT
547,54800,9.25,0,12.75,2,ASSET
547,54800,22.25,2,24.75,1,CALL
547,54800,9.25,2,12.25,2,PUT
548,54900,10.75,2,11.5,0,ASSET
548,54900,20.75,2,26.25,1,CALL
548,54900,8.0,2,15.0,2,PUT
549,55000,10.75,0,13.75,2,PUT
549,55000,21.5,2,25.0,0,CALL
549,55000,9.75,1,14.0,2,ASSET
550,55100,22.0,2,24.0,0,CALL
550,55100,9.5,0,15.75,2,ASSET
550,55100,11.25,2,14.0,1,PUT
551,55200,12.75,1,14.0,1,PUT
551,55200,9.75,2,16.25,0,ASSET
551,55200,20.0,2,25.0,0,CALL
552,55300,10.0,0,17.5,2,PUT
552,55300,22.25,2,23.0,1,CALL
552,55300,12.0,1,15.0,2,ASSET
553,55400,11.0,1,15.25,1,ASSET
553,55400,19.75,1,25.0,2,CALL
553,55400,13.0,0,13.25,1,PUT
554,55500,9.5,0,16.75,2,ASSET
554,55500,20.0,0,23.25,0,CALL
554,55500,12.0,1,14.25,1,PUT
555,55600,11.5,0,14.75,2,ASSET
555,55600,12.75,2,13.5,2,PUT
555,55600,21.25,1,21.25,2,CALL
556,55700,9.75,2,17.25,2,PUT
556,55700,19.25,2,22.0,2,CALL
556,55700,12.5,1,14.5,2,ASSET
557,55800,13.0,0,13.5,2,PUT
557,55800,12.0,0,14.25,2,ASSET
557,55800,20.25,0,23.5,2,CALL
558,55900,10.0,2,16.25,0,ASSET
558,55900,13.0,1,13.0,2,PUT
558,55900,19.75,2,22.75,1,CALL
559,56000,19.75,1,21.0,2,CALL
559,56000,12.25,1,13.25,1,PUT
559,56000,10.25,1,15.75,1,ASSET
560,56100,13.5,2,14.25,1,PUT
560,56100,19.5,1,20.75,0,CALL
560,56100,11.25,0,15.5,1,ASSET
561,56200,13.75,2,14.75,1,PUT
561,56200,19.25,0,19.5,0,CALL
561,56200,11.75,0,16.75,2,ASSET
562,56300,12.75,0,13.0,2,ASSET
562,56300,11.0,1,15.0,2,PUT
562,56300,16.5,1,23.0,1,CALL
563,56400,17.0,0,24.25,0,CALL
563,56400,10.0,2,16.25,0,ASSET
563,56400,11.5,1,14.25,1,PUT
564,56500,10.25,2,17.5,0,ASSET
564,56500,17.25,1,23.5,2,CALL
564,56500,10.5,0,17.75,0,PUT
565,56600,10.0,2,17.5,0,PUT
565,56600,18.75,0,19.5,2,CALL
565,56600,11.75,0,16.5,0,ASSET
566,56700,12.5,2,17.0,0,ASSET
566,56700,13.25,1,15.5,0,PUT
566,56700,15.5,0,22.5,1,CALL
567,56800,19.0,1,20.0,2,CALL
567,56800,10.25,1,17.25,0,ASSET
567,56800,11.5,2,16.5,2,PUT
568,56900,18.0,2,19.25,1,CALL
568,56900,10.5,1,17.25,2,ASSET
568,56900,11.75,1,16.0,0,PUT
569,57000,11.5,2,14.5,0,ASSET
569,57000,11.0,0,15.5,2,PUT
569,57000,17.25,1,19.75,0,CALL
570,57100,12.25,0,15.25,2,PUT
570,57100,17.25,0,18.5,0,CALL
570,57100,11.0,0,15.75,0,ASSET
571,57200,11.25,2,15.75,0,PUT
571,57200,14.0,2,21.0,1,CALL
571,57200,11.0,0,16.0,0,ASSET
572,57300,13.5,2,14.75,1,PUT
572,57300,15.5,1,20.25,0,CALL
572,57300,11.5,2,16.0,2,ASSET
573,57400,11.25,1,17.75,0,PUT
573,57400,16.0,1,21.25,0,CALL
573,57400,12.75,1,16.0,2,ASSET
574,57500,10.5,2,18.0,0,PUT
574,57500,16.0,0,18.75,2,CALL
574,57500,13.0,0,15.5,1,ASSET
575,57600,11.25,2,16.5,2,PUT
575,57600,13.25,1,20.25,2,CALL
575,57600,12.25,1,15.75,2,ASSET
576,57700,10.25,1,17.25,1,ASSET
576,57700,17.5,0,18.5,0,CALL
576,57700,11.0,0,16.0,2,PUT
577,57800,9.5,0,16.5,0,ASSET
577,57800,12.0,0,14.75,1,PUT
577,57800,15.5,2,18.5,1,CALL
578,57900,10.5,1,17.0,2,ASSET
578,57900,12.0,2,15.5,2,PUT
578,57900,16.5,0,17.25,2,CALL
579,58000,11.0,1,15.75,0,ASSET
579,58000,16.0,0,16.75,2,CALL
579,58000,11.0,2,16.0,1,PUT
580,58100,11.75,2,16.5,2,PUT
580,58100,15.5,0,16.0,2,CALL
580,58100,11.25,1,16.75,2,ASSET
581,58200,11.5,2,18.75,2,CALL
581,58200,12.0,0,17.5,2,ASSET
581,58200,14.75,1,15.25,0,PUT
582,58300,13.5,0,16.25,0,PUT
582,58300,14.5,1,15.5,0,ASSET
582,58300,14.5,0,15.25,0,CALL
583,58400,12.75,2,16.25,0,PUT
583,58400,10.75,0,18.0,0,CALL
583,58400,11.75,2,17.0,2,ASSET
584,58500,11.25,0,18.75,0,PUT
584,58500,12.5,1,17.0,1,CALL
584,58500,13.25,0,16.75,2,ASSET
585,58600,13.0,2,15.75,0,CALL
585,58600,14.5,1,15.5,1,ASSET
585,58600,12.0,1,18.0,1,PUT
586,58700,13.75,1,16.75,2,ASSET
586,58700,13.5,2,18.25,0,PUT
586,58700,10.5,1,17.5,0,CALL
587,58800,12.75,0,18.25,0,ASSET
587,58800,14.25,2,17.25,1,PUT
587,58800,12.5,0,15.0,1,CALL
588,58900,14.75,0,17.25,1,ASSET
588,58900,10.75,1,15.75,1,CALL
588,58900,16.25,0,16.25,2,PUT
589,59000,12.25,0,19.25,2,ASSET
589,59000,12.25,1,19.75,1,PUT
589,59000,11.0,1,16.25,1,CALL
590,59100,14.75,1,16.0,2,PUT
590,59100,14.5,2,15.5,0,ASSET
590,59100,13.5,2,14.25,1,CALL
591,59200,13.25,2,15.5,1,ASSET
591,59200,11.5,1,17.5,1,PUT
591,59200,12.5,0,16.75,2,CALL
592,59300,10.75,0,17.25,0,ASSET
592,59300,10.75,1,18.25,0,CALL
592,59300,12.25,2,16.5,2,PUT
593,59400,13.0,1,15.75,2,PUT
593,59400,13.75,2,14.25,0,ASSET
593,59400,12.0,0,19.0,2,CALL
594,59500,12.5,2,16.75,2,PUT
594,59500,14.5,2,15.5,1,CALL
594,59500,12.0,2,17.25,2,ASSET
595,59600,12.0,1,16.5,0,PUT
595,59600,12.25,0,15.25,0,ASSET
595,59600,11.0,1,18.25,2,CALL
596,59700,13.5,0,16.0,2,CALL
596,59700,15.0,2,15.5,2,ASSET
596,59700,14.25,1,15.5,1,PUT
597,59800,12.0,1,16.75,2,CALL
597,59800,12.5,1,17.75,0,ASSET
597,59800,13.0,0,17.75,2,PUT
598,59900,12.25,0,16.75,1,PUT
598,59900,11.0,2,18.25,2,ASSET
598,59900,14.25,1,15.5,0,CALL
599,60000,12.25,1,17.25,2,ASSET
599,60000,14.25,1,15.25,2,PUT
599,60000,13.0,0,16.0,0,CALL
600,60100,14.75,0,15.75,2,ASSET
600,60100,14.75,1,16.0,2,PUT
600,60100,13.75,2,14.25,0,CALL
601,60200,12.25,1,15.75,0,CALL
601,60200,14.25,2,15.25,0,ASSET
601,60200,14.0,2,16.75,0,PUT
602,60300,13.75,0,14.5,0,PUT
602,60300,12.5,1,16.0,2,ASSET
602,60300,11.5,1,16.25,1,CALL
603,60400,10.0,0,16.75,2,CALL
603,60400,13.75,1,15.0,1,ASSET
603,60400,13.25,1,15.5,2,PUT
604,60500,11.5,2,14.0,0,CALL
604,60500,12.75,2,17.5,2,PUT
604,60500,13.0,2,15.75,0,ASSET
605,60600,10.75,1,15.25,2,CALL
605,60600,11.75,0,16.5,0,ASSET
605,60600,11.75,0,16.75,1,PUT
606,60700,14.0,0,15.25,0,PUT
606,60700,12.25,0,12.75,0,CALL
606,60700,13.75,2,14.75,0,ASSET
607,60800,12.5,2,17.0,2,PUT
607,60800,12.25,1,13.25,2,CALL
607,60800,14.0,0,14.75,2,ASSET
608,60900,13.0,1,16.0,1,ASSET
608,60900,11.0,2,18.25,1,PUT
608,60900,8.5,2,15.25,2,CALL
609,61000,8.0,1,15.0,0,CALL
609,61000,13.5,0,16.0,1,PUT
609,61000,11.25,1,18.0,0,ASSET
610,61100,11.5,2,18.5,1,ASSET
610,61100,13.75,1,16.5,2,PUT
610,61100,7.5,0,13.75,0,CALL
611,61200,12.25,2,19.5,1,ASSET
611,61200,8.25,1,12.5,1,CALL
611,61200,14.25,1,17.25,1,PUT
612,61300,7.0,1,14.25,0,CALL
612,61300,14.75,0,15.5,2,ASSET
612,61300,15.0,0,16.0,0,PUT
613,61400,12.75,1,15.5,2,ASSET
613,61400,13.75,1,14.75,1,PUT
613,61400,10.25,2,11.75,1,CALL
614,61500,11.5,2,16.75,2,ASSET
614,61500,9.75,0,12.5,2,CALL
614,61500,12.75,2,15.0,0,PUT
615,61600,7.75,0,12.75,0,CALL
615,61600,11.25,1,18.0,0,ASSET
615,61600,11.0,1,18.25,0,PUT
616,61700,14.25,1,14.75,2,ASSET
616,61700,13.25,2,15.5,2,PUT
616,61700,10.0,0,12.25,0,CALL
617,61800,9.5,1,11.5,0,CALL
617,61800,12.0,2,16.75,1,PUT
617,61800,10.75,2,18.25,2,ASSET
618,61900,11.25,0,11.25,0,CALL
618,61900,11.75,0,16.5,0,ASSET
618,61900,13.25,2,14.0,0,PUT
619,62000,11.25,1,17.25,2,PUT
619,62000,11.25,2,17.25,0,ASSET
619,62000,10.5,1,11.0,0,CALL
620,62100,11.25,0,18.0,1,ASSET
620,62100,10.5,2,11.75,1,CALL
620,62100,12.5,2,16.5,0,PUT
621,62200,13.0,1,17.75,0,PUT
621,62200,9.0,2,12.0,2,CALL
621,62200,13.25,0,16.5,0,ASSET
622,62300,7.75,1,13.25,1,CALL
622,62300,12.25,1,18.75,2,ASSET
622,62300,12.0,2,18.5,1,PUT
623,62400,13.25,0,18.25,2,PUT
623,62400,15.0,1,17.75,2,ASSET
623,62400,9.25,2,10.25,1,CALL
624,62500,14.5,1,17.75,0,PUT
624,62500,15.75,1,16.5,2,ASSET
624,62500,6.25,1,12.25,1,CALL
625,62600,15.75,2,18.75,2,ASSET
625,62600,8.0,1,10.5,0,CALL
625,62600,15.25,1,20.0,2,PUT
626,62700,16.0,2,18.75,1,PUT
626,62700,14.25,1,21.0,0,ASSET
626,62700,6.5,2,11.5,0,CALL
627,62800,17.0,2,17.75,0,ASSET
627,62800,16.5,2,18.75,2,PUT
627,62800,7.0,2,11.75,2,CALL
628,62900,13.25,0,20.75,2,ASSET
628,62900,16.25,2,17.5,0,PUT
628,62900,6.5,2,13.5,0,CALL
629,63000,9.5,2,9.75,1,CALL
629,63000,15.25,2,20.0,0,PUT
629,63000,17.5,1,18.25,2,ASSET
630,63100,6.25,0,13.0,0,CALL
630,63100,14.25,1,21.25,0,PUT
630,63100,16.25,1,19.5,2,ASSET
631,63200,16.25,0,18.25,1,PUT
631,63200,8.25,2,11.0,1,CALL
631,63200,16.25,0,18.25,1,ASSET
632,63300,15.5,1,18.75,2,PUT
632,63300,9.0,1,11.5,1,CALL
632,63300,15.0,0,19.25,2,ASSET
633,63400,12.75,1,20.0,2,PUT
633,63400,12.75,0,20.25,2,ASSET
633,63400,9.5,2,10.0,1,CALL
634,63500,12.5,1,19.0,0,ASSET
634,63500,15.5,2,16.75,1,PUT
634,63500,6.25,1,13.25,2,CALL
635,63600,12.25,2,18.5,0,PUT
635,63600,13.0,1,17.5,0,ASSET
635,63600,9.75,1,10.5,1,CALL
636,63700,13.75,0,18.25,2,PUT
636,63700,12.5,2,19.5,2,ASSET
636,63700,7.0,1,12.25,1,CALL
637,63800,14.0,1,19.25,1,PUT
637,63800,6.75,0,11.25,1,CALL
637,63800,15.0,1,18.25,2,ASSET
638,63900,14.0,2,20.0,2,ASSET
638,63900,7.0,0,11.5,2,CALL
638,63900,14.0,1,20.0,0,PUT
639,64000,15.75,1,16.75,1,ASSET
639,64000,6.0,0,12.5,0,CALL
639,64000,14.5,1,18.0,0,PUT
640,64100,7.25,2,9.5,2,CALL
640,64100,14.0,0,18.75,1,PUT
640,64100,12.5,1,20.0,0,ASSET
641,64200,15.0,1,18.0,2,ASSET
641,64200,15.25,0,17.25,0,PUT
641,64200,6.5,1,9.75,2,CALL
642,64300,15.5,0,16.5,1,PUT
642,64300,13.0,0,18.0,2,ASSET
642,64300,4.5,1,11.0,0,CALL
643,64400,6.25,1,9.5,1,CALL
643,64400,15.5,2,15.75,1,ASSET
643,64400,12.25,1,19.0,2,PUT
644,64500,15.0,0,16.0,2,ASSET
644,64500,14.0,0,16.5,2,PUT
644,64500,5.75,2,8.75,0,CALL
645,64600,14.5,2,17.25,0,ASSET
645,64600,13.75,1,18.5,0,PUT
645,64600,5.0,0,8.25,2,CALL
646,64700,14.5,1,17.25,0,ASSET
646,64700,3.25,2,7.75,0,CALL
646,64700,15.25,2,17.5,1,PUT
647,64800,2.5,1,9.0,1,CALL
647,64800,12.75,0,19.5,0,PUT
647,64800,14.5,1,17.25,2,ASSET
648,64900,11.5,0,18.75,0,ASSET
648,64900,2.25,1,8.75,0,CALL
648,64900,13.75,2,16.25,0,PUT
649,65000,12.0,0,18.25,1,ASSET
649,65000,2.25,2,8.5,2,CALL
649,65000,12.75,2,17.75,1,PUT
650,65100,14.75,0,14.75,1,PUT
650,65100,14.0,2,15.0,0,ASSET
650,65100,3.25,0,8.25,1,CALL
651,65200,2.75,1,9.25,2,CALL
651,65200,14.5,2,15.0,2,PUT
651,65200,15.0,0,15.75,2,ASSET
652,65300,13.25,2,16.25,2,ASSET
652,65300,3.25,0,9.5,0,CALL
652,65300,12.25,1,17.25,0,PUT
653,65400,14.0,1,14.75,1,ASSET
653,65400,6.25,2,6.5,0,CALL
653,65400,14.0,2,15.0,1,PUT
654,65500,3.75,1,8.75,2,CALL
654,65500,13.0,0,17.5,1,ASSET
654,65500,14.75,1,15.5,0,PUT
655,65600,6.5,0,7.5,1,CALL
655,65600,13.75,1,16.25,2,PUT
655,65600,14.25,1,15.0,0,ASSET
656,65700,3.75,0,8.0,0,CALL
656,65700,13.25,0,16.5,2,PUT
656,65700,14.0,2,16.5,1,ASSET
657,65800,14.25,0,14.75,2,PUT
657,65800,4.0,2,8.25,0,CALL
657,65800,14.0,0,14.5,0,ASSET
658,65900,15.0,1,15.75,0,ASSET
658,65900,11.75,0,18.75,1,PUT
658,65900,3.25,1,9.75,1,CALL
659,66000,15.25,2,15.75,1,PUT
659,66000,13.75,2,16.75,0,ASSET
659,66000,5.75,1,7.0,0,CALL
660,66100,3.25,1,10.0,0,CALL
660,66100,11.75,0,18.75,2,PUT
660,66100,12.75,2,17.5,1,ASSET
661,66200,6.75,2,7.25,2,CALL
661,66200,12.0,1,18.5,1,PUT
661,66200,13.0,2,18.0,1,ASSET
662,66300,6.0,1,6.75,1,CALL
662,66300,12.5,1,16.75,2,ASSET
662,66300,12.75,1,16.0,0,PUT
663,66400,5.5,2,8.5,2,CALL
663,66400,13.75,2,14.75,0,PUT
663,66400,12.0,2,16.0,0,ASSET
664,66500,9.75,0,16.75,2,ASSET
664,66500,3.75,1,9.75,0,CALL
664,66500,9.75,2,17.0,1,PUT
665,66600,10.75,0,17.75,0,ASSET
665,66600,11.5,0,17.5,2,PUT
665,66600,6.5,0,7.0,2,CALL
666,66700,4.5,2,9.0,2,CALL
666,66700,14.25,2,14.5,2,ASSET
666,66700,13.25,0,15.75,1,PUT
667,66800,10.5,0,17.25,0,ASSET
667,66800,4.75,2,7.75,0,CALL
667,66800,14.0,2,15.0,2,PUT
668,66900,2.75,2,9.5,2,CALL
668,66900,14.0,1,15.0,1,PUT
668,66900,11.0,0,18.5,1,ASSET
669,67000,13.75,1,16.25,0,ASSET
669,67000,11.5,0,18.25,2,PUT
669,67000,4.25,0,7.0,2,CALL
670,67100,13.0,2,16.5,0,ASSET
670,67100,1.5,2,8.5,2,CALL
670,67100,14.25,1,15.5,0,PUT
671,67200,12.0,0,18.75,0,ASSET
671,67200,1.75,1,8.75,2,CALL
671,67200,12.75,2,17.75,1,PUT
672,67300,2.0,0,8.75,1,CALL
672,67300,15.5,2,16.75,2,ASSET
672,67300,14.0,0,18.0,0,PUT
673,67400,15.5,1,16.5,2,PUT
673,67400,2.5,0,7.25,1,CALL
673,67400,15.5,0,16.0,1,ASSET
674,67500,4.25,0,4.75,2,CALL
674,67500,16.0,0,17.25,0,ASSET
674,67500,16.25,1,17.25,0,PUT
675,67600,0.75,1,7.5,1,CALL
675,67600,13.75,2,19.25,2,ASSET
675,67600,14.75,1,18.0,2,PUT
676,67700,1.75,1,6.25,1,CALL
676,67700,16.5,1,16.75,1,ASSET
676,67700,15.25,2,18.25,2,PUT
677,67800,13.0,2,20.0,1,PUT
677,67800,2.25,2,5.75,1,CALL
677,67800,13.75,0,20.5,1,ASSET
678,67900,1.75,1,6.5,2,CALL
678,67900,17.25,1,17.75,1,ASSET
678,67900,15.5,1,20.25,0,PUT
679,68000,14.0,2,21.25,2,ASSET
679,68000,3.25,2,5.25,0,CALL
679,68000,16.75,1,17.5,1,PUT
680,68100,13.75,0,20.25,0,ASSET
680,68100,13.75,0,20.0,2,PUT
680,68100,3.75,1,5.0,1,CALL
681,68200,3.0,1,7.0,0,CALL
681,68200,13.0,0,19.25,2,PUT
681,68200,14.5,2,18.0,0,ASSET
682,68300,15.5,0,17.0,0,PUT
682,68300,3.25,2,8.0,2,CALL
682,68300,15.25,1,17.5,1,ASSET
683,68400,4.0,1,8.75,1,CALL
683,68400,15.0,1,17.5,1,ASSET
683,68400,15.75,0,17.0,0,PUT
684,68500,4.25,2,8.5,1,CALL
684,68500,15.25,2,17.75,2,ASSET
684,68500,16.25,1,16.5,0,PUT
685,68600,4.0,0,8.75,1,CALL
685,68600,14.5,0,16.75,1,ASSET
685,68600,14.0,0,17.5,1,PUT
686,68700,12.25,0,19.75,0,PUT
686,68700,14.5,0,17.0,2,ASSET
686,68700,6.25,0,6.75,1,CALL
687,68800,15.25,2,18.0,0,ASSET
687,68800,6.0,0,8.5,2,CALL
687,68800,12.5,0,19.25,2,PUT
688,68900,5.5,0,8.5,0,CALL
688,68900,14.25,1,19.5,2,PUT
688,68900,14.0,0,19.5,0,ASSET
689,69000,16.0,2,16.5,1,ASSET
689,69000,4.5,0,11.75,0,CALL
689,69000,15.5,2,18.0,2,PUT
690,69100,16.0,2,16.5,2,PUT
690,69100,7.75,0,9.75,1,CALL
690,69100,12.75,1,19.75,0,ASSET
691,69200,15.5,0,18.75,0,ASSET
691,69200,7.25,1,9.25,0,CALL
691,69200,13.5,2,21.0,1,PUT
692,69300,16.25,1,18.75,2,PUT
692,69300,7.25,1,9.75,0,CALL
692,69300,15.25,2,19.75,2,ASSET
693,69400,8.5,1,8.5,2,CALL
693,69400,17.75,2,18.25,1,PUT
693,69400,16.75,2,19.0,1,ASSET
694,69500,15.0,1,21.75,2,ASSET
694,69500,7.25,0,9.5,1,CALL
694,69500,15.25,1,20.0,1,PUT
695,69600,6.75,0,9.25,0,CALL
695,69600,15.75,0,20.5,1,ASSET
695,69600,16.75,1,19.5,0,PUT
696,69700,5.75,2,10.75,2,CALL
696,69700,14.75,1,21.5,2,PUT
696,69700,15.25,0,20.5,0,ASSET
697,69800,4.5,2,11.25,0,CALL
697,69800,16.0,0,20.0,1,PUT
697,69800,14.75,0,21.75,0,ASSET
698,69900,17.75,2,20.0,1,ASSET
698,69900,17.75,1,19.75,2,PUT
698,69900,6.25,2,7.5,0,CALL
699,70000,19.5,0,20.25,1,PUT
699,70000,18.5,2,20.75,2,ASSET
699,70000,5.0,2,7.75,2,CALL
700,70100,17.0,2,21.5,0,ASSET
700,70100,6.0,1,8.5,1,CALL
700,70100,19.25,1,19.75,1,PUT
701,70200,6.25,0,8.5,2,CALL
701,70200,19.75,1,20.5,2,ASSET
701,70200,19.25,2,20.25,1,PUT
702,70300,17.5,0,22.5,2,ASSET
702,70300,18.25,1,21.25,1,PUT
702,70300,5.5,2,8.0,2,CALL
703,70400,17.25,0,21.5,1,ASSET
703,70400,18.75,2,20.0,0,PUT
703,70400,4.5,0,9.25,1,CALL
704,70500,16.25,1,20.75,2,PUT
704,70500,6.0,0,8.25,1,CALL
704,70500,17.25,2,19.75,0,ASSET
705,70600,15.75,2,22.25,2,ASSET
705,70600,16.5,1,21.25,0,PUT
705,70600,4.0,1,10.75,2,CALL
706,70700,17.0,1,22.5,1,ASSET
706,70700,16.0,2,23.5,1,PUT
706,70700,4.25,1,10.75,1,CALL
707,70800,6.25,0,9.0,0,CALL
707,70800,20.25,1,20.25,2,PUT
707,70800,18.25,2,22.5,0,ASSET
708,70900,8.0,1,8.25,0,CALL
708,70900,18.0,1,22.5,1,PUT
708,70900,18.5,2,21.75,1,ASSET
709,71000,17.75,2,20.75,1,PUT
709,71000,6.25,1,10.75,1,CALL
709,71000,19.0,2,20.25,2,ASSET
710,71100,16.75,0,23.75,0,ASSET
710,71100,18.5,1,21.5,0,PUT
710,71100,8.75,2,8.75,0,CALL
711,71200,19.75,1,21.75,1,ASSET
711,71200,18.5,1,22.75,0,PUT
711,71200,8.25,2,8.5,1,CALL
712,71300,21.25,2,21.5,1,PUT
712,71300,8.25,2,8.75,0,CALL
712,71300,20.75,0,22.25,1,ASSET
713,71400,20.5,0,21.0,2,ASSET
713,71400,20.25,0,21.25,1,PUT
713,71400,6.75,0,9.75,1,CALL
714,71500,20.25,0,23.0,0,ASSET
714,71500,17.5,2,25.0,1,PUT
714,71500,7.5,0,8.75,0,CALL
715,71600,5.0,1,12.0,2,CALL
715,71600,21.75,2,22.5,1,PUT
715,71600,21.75,1,22.0,2,ASSET
716,71700,19.0,2,25.0,0,ASSET
716,71700,7.25,0,8.0,0,CALL
716,71700,21.5,2,22.5,0,PUT
717,71800,21.5,0,23.0,2,ASSET
717,71800,6.5,2,9.0,0,CALL
717,71800,22.0,0,22.25,0,PUT
718,71900,20.0,2,26.75,2,PUT
718,71900,7.25,0,8.25,2,CALL
718,71900,23.0,2,23.75,1,ASSET
719,72000,22.0,0,24.0,2,ASSET
719,72000,22.0,1,24.75,1,PUT
719,72000,5.0,1,9.5,2,CALL
720,72100,22.75,1,23.75,0,PUT
720,72100,5.5,0,9.0,1,CALL
720,72100,20.5,0,26.5,2,ASSET
721,72200,20.75,1,27.5,0,PUT
721,72200,6.25,2,6.75,2,CALL
721,72200,22.75,1,25.0,1,ASSET
722,72300,22.75,0,24.0,0,PUT
722,72300,20.0,1,26.75,0,ASSET
722,72300,6.25,2,7.0,2,CALL
723,72400,20.5,2,27.0,1,ASSET
723,72400,5.0,1,7.75,1,CALL
723,72400,22.75,0,23.75,2,PUT
724,72500,5.75,0,6.75,1,CALL
724,72500,23.5,1,25.0,1,PUT
724,72500,21.75,2,27.0,1,ASSET
725,72600,5.5,1,8.25,0,CALL
725,72600,22.0,1,25.0,2,ASSET
725,72600,20.75,2,25.75,2,PUT
726,72700,6.0,2,6.5,0,CALL
726,72700,20.5,0,25.75,2,ASSET
726,72700,20.75,0,25.5,2,PUT
727,72800,22.0,1,22.75,2,ASSET
727,72800,20.75,0,24.75,2,PUT
727,72800,2.5,2,9.0,2,CALL
728,72900,20.25,2,25.25,0,ASSET
728,72900,21.0,1,24.0,1,PUT
728,72900,1.75,1,9.0,0,CALL
729,73000,20.5,2,25.75,1,ASSET
729,73000,19.75,2,26.5,0,PUT
729,73000,1.5,0,8.5,0,CALL
730,73100,22.0,1,23.0,0,PUT
730,73100,19.0,1,25.75,0,ASSET
730,73100,4.25,1,5.25,2,CALL
731,73200,19.5,1,22.25,0,ASSET
731,73200,4.5,1,5.25,0,CALL
731,73200,20.25,1,22.25,1,PUT
732,73300,4.25,2,4.75,2,CALL
732,73300,17.5,0,24.0,2,PUT
732,73300,20.25,0,21.5,2,ASSET
733,73400,2.75,2,6.75,2,CALL
733,73400,18.0,0,22.75,0,PUT
733,73400,19.25,0,20.75,0,ASSET
734,73500,1.75,1,8.25,1,CALL
734,73500,17.5,0,21.5,0,ASSET
734,73500,16.0,0,22.75,2,PUT
735,73600,19.0,2,20.0,0,PUT
735,73600,17.25,0,21.25,2,ASSET
735,73600,3.5,0,8.25,0,CALL
736,73700,17.0,1,20.0,1,PUT
736,73700,5.5,1,6.25,2,CALL
736,73700,16.25,0,20.5,2,ASSET
737,73800,5.0,0,7.5,1,CALL
737,73800,15.75,1,20.75,2,ASSET
737,73800,16.25,2,21.0,2,PUT
738,73900,2.5,0,9.5,0,CALL
738,73900,15.75,2,18.5,1,PUT
738,73900,16.5,0,18.75,2,ASSET
739,74000,3.0,0,9.5,0,CALL
739,74000,14.75,1,22.0,0,ASSET
739,74000,16.5,2,19.25,0,PUT
740,74100,5.5,0,6.25,0,CALL
740,74100,16.25,0,21.25,0,PUT
740,74100,17.0,2,19.75,1,ASSET
741,74200,18.0,2,18.5,2,ASSET
741,74200,2.75,1,9.25,2,CALL
741,74200,15.75,2,20.75,0,PUT
742,74300,15.75,1,20.25,2,PUT
742,74300,16.5,2,19.25,1,ASSET
742,74300,4.75,1,7.25,1,CALL
743,74400,13.75,1,21.25,2,ASSET
743,74400,15.0,2,19.5,2,PUT
743,74400,4.5,1,8.0,0,CALL
744,74500,15.25,2,20.5,1,ASSET
744,74500,6.5,0,7.25,2,CALL
744,74500,14.75,0,21.5,0,PUT
745,74600,5.25,1,7.75,1,CALL
745,74600,14.75,2,21.25,0,PUT
745,74600,17.0,0,19.5,0,ASSET
746,74700,17.5,2,17.75,1,ASSET
746,74700,5.25,2,7.5,1,CALL
746,74700,14.5,0,21.5,1,PUT
747,74800,17.75,0,18.0,0,PUT
747,74800,17.25,1,18.25,0,ASSET
747,74800,3.75,0,9.0,2,CALL
748,74900,15.25,2,19.5,2,PUT
748,74900,5.5,2,8.25,1,CALL
748,74900,14.25,0,21.0,2,ASSET
749,75000,16.25,2,16.75,0,ASSET
749,75000,5.25,2,8.25,2,CALL
749,75000,13.5,2,19.75,0,PUT
750,75100,5.0,2,7.75,2,CALL
750,75100,15.25,0,18.5,2,PUT
750,75100,14.25,0,19.25,0,ASSET
751,75200,15.5,1,20.5,1,PUT
751,75200,3.75,1,8.75,1,CALL
751,75200,14.5,1,21.75,0,ASSET
752,75300,15.75,0,18.5,2,ASSET
752,75300,13.75,0,20.75,2,PUT
752,75300,4.5,1,9.25,2,CALL
753,75400,15.75,0,18.0,2,PUT
753,75400,3.0,1,10.25,1,CALL
753,75400,15.75,2,17.75,2,ASSET
754,75500,15.25,2,17.5,0,PUT
754,75500,5.5,1,9.0,2,CALL
754,75500,13.0,1,20.0,0,ASSET
755,75600,15.5,1,17.75,1,PUT
755,75600,3.75,0,9.75,2,CALL
755,75600,13.25,2,20.25,2,ASSET
756,75700,13.25,1,19.75,1,ASSET
756,75700,4.5,2,9.75,1,CALL
756,75700,15.5,2,18.25,2,PUT
757,75800,15.25,1,18.0,0,ASSET
757,75800,13.5,1,18.75,1,PUT
757,75800,6.5,2,9.0,2,CALL
758,75900,14.5,1,16.75,0,ASSET
758,75900,14.5,2,16.75,2,PUT
758,75900,7.0,2,9.5,0,CALL
759,76000,6.75,2,8.25,1,CALL
759,76000,14.0,1,17.25,2,ASSET
759,76000,14.25,0,17.0,0,PUT
760,76100,7.25,1,7.25,2,CALL
760,76100,12.75,0,19.5,2,PUT
760,76100,13.0,0,19.5,2,ASSET
761,76200,5.25,0,7.75,1,CALL
761,76200,14.75,2,17.5,0,ASSET
761,76200,14.0,0,18.25,1,PUT
762,76300,5.5,2,8.5,2,CALL
762,76300,12.25,0,18.5,2,PUT
762,76300,12.0,2,18.5,2,ASSET
763,76400,14.5,1,17.75,1,ASSET
763,76400,12.5,1,19.5,1,PUT
763,76400,2.75,2,10.0,1,CALL
764,76500,6.5,0,7.5,0,CALL
764,76500,15.25,1,16.25,0,ASSET
764,76500,12.25,2,18.5,0,PUT
765,76600,13.5,0,16.5,0,ASSET
765,76600,6.25,1,7.75,0,CALL
765,76600,13.0,2,17.75,1,PUT
766,76700,5.0,0,9.75,0,CALL
766,76700,13.75,0,16.0,0,ASSET
766,76700,12.0,2,18.5,1,PUT
767,76800,16.0,0,17.0,2,PUT
767,76800,12.5,2,19.75,0,ASSET
767,76800,5.25,0,8.75,2,CALL
768,76900,12.75,1,19.25,2,PUT
768,76900,4.5,0,11.25,1,CALL
768,76900,15.75,1,17.0,2,ASSET
769,77000,14.5,0,17.25,0,PUT
769,77000,16.0,2,16.5,2,ASSET
769,77000,5.5,2,10.5,2,CALL
770,77100,6.75,2,9.5,0,CALL
770,77100,12.25,0,17.75,0,ASSET
770,77100,11.75,2,18.25,0,PUT
771,77200,14.0,2,15.0,0,PUT
771,77200,5.75,0,10.5,1,CALL
771,77200,11.5,0,17.75,2,ASSET
772,77300,13.75,1,14.0,0,ASSET
772,77300,13.25,1,14.0,2,PUT
772,77300,4.5,0,11.5,1,CALL
773,77400,13.25,1,16.0,0,PUT
773,77400,8.5,1,8.5,0,CALL
773,77400,13.25,2,16.0,1,ASSET
774,77500,14.75,0,16.0,1,ASSET
774,77500,14.0,0,16.75,1,PUT
774,77500,6.0,0,10.75,1,CALL
775,77600,13.75,0,15.25,0,PUT
775,77600,6.0,1,10.75,2,CALL
775,77600,13.0,1,16.25,1,ASSET
776,77700,14.0,0,14.5,0,ASSET
776,77700,10.75,1,18.0,1,PUT
776,77700,8.5,0,9.25,0,CALL
777,77800,8.75,1,9.5,0,CALL
777,77800,13.5,2,16.0,1,ASSET
777,77800,14.75,2,15.75,2,PUT
778,77900,14.75,0,15.5,2,PUT
778,77900,4.75,0,12.25,2,CALL
778,77900,12.5,1,17.5,0,ASSET
779,78000,5.5,2,11.75,0,CALL
779,78000,13.25,1,14.0,0,PUT
779,78000,14.0,2,14.5,1,ASSET
780,78100,14.5,2,15.25,0,PUT
780,78100,12.25,2,17.0,0,ASSET
780,78100,6.75,2,10.0,2,CALL
781,78200,13.75,0,14.5,1,PUT
781,78200,10.5,2,17.25,0,ASSET
781,78200,7.25,1,9.25,2,CALL
782,78300,6.75,1,9.0,0,CALL
782,78300,11.5,2,17.75,2,PUT
782,78300,12.25,1,16.75,1,ASSET
783,78400,4.75,2,10.25,1,CALL
783,78400,13.75,1,16.25,0,PUT
783,78400,13.5,0,16.5,2,ASSET
784,78500,5.75,2,8.75,0,CALL
784,78500,10.25,0,17.25,1,PUT
784,78500,11.5,0,16.0,1,ASSET
785,78600,6.75,1,7.75,1,CALL
785,78600,14.25,2,16.25,1,ASSET
785,78600,13.25,1,18.0,2,PUT
786,78700,7.25,2,8.25,2,CALL
786,78700,14.25,2,16.75,0,ASSET
786,78700,14.5,0,16.75,1,PUT
787,78800,4.0,0,11.25,2,CALL
787,78800,14.75,0,17.25,1,ASSET
787,78800,14.5,2,17.25,1,PUT
788,78900,13.5,2,19.75,1,PUT
788,78900,14.25,1,18.75,2,ASSET
788,78900,3.5,2,10.75,0,CALL
789,79000,15.0,0,18.5,0,PUT
789,79000,13.25,2,20.5,1,ASSET
789,79000,4.75,1,7.75,1,CALL
790,79100,13.5,0,20.0,1,PUT
790,79100,16.25,2,17.0,0,ASSET
790,79100,3.25,2,8.0,0,CALL
791,79200,14.25,2,17.5,1,ASSET
791,79200,6.0,1,6.5,2,CALL
791,79200,13.5,1,18.0,2,PUT
792,79300,14.5,0,19.25,0,PUT
792,79300,16.5,0,16.75,0,ASSET
792,79300,4.25,1,7.25,2,CALL
793,79400,14.25,2,19.25,1,ASSET
793,79400,2.0,2,9.25,0,CALL
793,79400,14.5,0,19.5,2,PUT
794,79500,2.75,2,7.75,0,CALL
794,79500,16.75,0,17.5,2,PUT
794,79500,16.25,2,16.75,2,ASSET
795,79600,16.0,1,19.0,2,PUT
795,79600,4.25,2,5.5,0,CALL
795,79600,14.25,1,20.75,1,ASSET
796,79700,17.25,0,18.5,0,PUT
796,79700,1.25,1,8.0,0,CALL
796,79700,17.0,1,17.75,0,ASSET
797,79800,16.0,2,19.0,2,ASSET
797,79800,1.75,1,6.75,0,CALL
797,79800,15.5,2,18.75,2,PUT
798,79900,15.5,2,18.5,2,ASSET
798,79900,14.75,2,19.25,0,PUT
798,79900,3.5,2,5.75,0,CALL
799,80000,15.5,2,16.5,2,PUT
799,80000,15.25,0,17.5,2,ASSET
799,80000,2.25,2,6.5,1,CALL
800,80100,15.25,2,17.5,2,ASSET
800,80100,13.0,2,20.25,2,PUT
800,80100,1.5,1,7.0,2,CALL
801,80200,12.75,0,18.75,0,PUT
801,80200,1.0,2,8.0,0,CALL
801,80200,13.25,0,18.0,2,ASSET
802,80300,0.75,2,8.0,1,CALL
802,80300,13.5,2,18.25,2,PUT
802,80300,14.0,2,17.0,2,ASSET
803,80400,13.25,1,15.75,2,PUT
803,80400,0.75,1,7.75,2,CALL
803,80400,12.25,1,16.75,0,ASSET
804,80500,12.25,0,17.25,1,PUT
804,80500,13.75,1,16.75,0,ASSET
804,80500,2.25,1,7.0,0,CALL
805,80600,1.75,1,6.5,2,CALL
805,80600,11.25,2,18.75,2,PUT
805,80600,13.25,1,16.75,2,ASSET
806,80700,11.0,0,17.75,0,ASSET
806,80700,13.0,0,15.75,2,PUT
806,80700,1.5,2,8.25,0,CALL
807,80800,11.25,1,16.25,1,ASSET
807,80800,13.25,1,14.25,1,PUT
807,80800,1.25,2,8.25,1,CALL
808,80900,13.25,2,15.75,0,ASSET
808,80900,14.0,1,15.25,2,PUT
808,80900,2.75,1,5.5,1,CALL
809,81000,2.25,1,6.75,0,CALL
809,81000,14.0,2,14.5,1,ASSET
809,81000,13.25,0,16.25,2,PUT
810,81100,12.75,1,15.5,0,ASSET
810,81100,10.75,1,17.75,0,PUT
810,81100,3.75,1,7.0,1,CALL
811,81200,2.0,0,8.0,2,CALL
811,81200,13.0,2,17.5,0,PUT
811,81200,11.5,0,18.75,2,ASSET
812,81300,14.25,1,14.75,0,PUT
812,81300,5.0,2,5.25,1,CALL
812,81300,13.75,2,14.5,1,ASSET
813,81400,3.5,2,8.75,2,CALL
813,81400,12.0,0,15.0,0,ASSET
813,81400,11.25,2,16.5,2,PUT
814,81500,5.75,0,8.0,2,CALL
814,81500,11.5,0,15.5,1,PUT
814,81500,10.0,1,16.5,1,ASSET
815,81600,10.5,0,16.5,1,ASSET
815,81600,12.0,1,15.25,1,PUT
815,81600,6.25,2,6.75,0,CALL
816,81700,12.25,0,15.25,0,ASSET
816,81700,3.75,1,8.75,2,CALL
816,81700,11.0,2,16.0,1,PUT
817,81800,12.75,0,15.0,0,PUT
817,81800,13.0,0,14.5,1,ASSET
817,81800,4.25,1,8.5,1,CALL
818,81900,5.0,1,8.0,1,CALL
818,81900,14.0,0,15.0,1,PUT
818,81900,12.5,0,16.0,2,ASSET
819,82000,4.75,0,7.5,2,CALL
819,82000,10.75,1,15.5,2,PUT
819,82000,10.0,2,16.5,2,ASSET
820,82100,4.25,2,8.75,0,CALL
820,82100,10.0,1,16.0,0,ASSET
820,82100,11.0,0,15.75,1,PUT
821,82200,12.75,2,15.5,1,PUT
821,82200,13.25,1,14.5,1,ASSET
821,82200,2.5,0,9.75,1,CALL
822,82300,13.75,1,14.5,0,ASSET
822,82300,3.25,0,9.25,0,CALL
822,82300,11.75,0,16.25,1,PUT
823,82400,12.0,0,15.0,1,ASSET
823,82400,4.5,2,9.0,2,CALL
823,82400,11.0,1,15.5,0,PUT
824,82500,10.0,0,16.25,1,ASSET
824,82500,6.5,0,7.25,0,CALL
824,82500,10.0,2,16.0,2,PUT
825,82600,6.5,0,7.75,1,CALL
825,82600,11.5,1,14.0,2,ASSET
825,82600,10.0,2,16.0,0,PUT
826,82700,11.5,2,14.5,2,ASSET
826,82700,4.75,1,9.0,1,CALL
826,82700,11.25,1,15.5,0,PUT
827,82800,5.0,1,9.5,2,CALL
827,82800,10.5,1,15.25,2,PUT
827,82800,10.25,0,15.25,2,ASSET
828,82900,10.5,2,15.5,0,PUT
828,82900,11.5,1,14.5,0,ASSET
828,82900,3.75,0,10.75,2,CALL
829,83000,10.25,1,16.5,2,PUT
829,83000,11.5,2,16.0,0,ASSET
829,83000,3.5,1,10.0,0,CALL
830,83100,10.0,2,16.5,0,ASSET
830,83100,12.0,1,14.75,1,PUT
830,83100,6.5,1,7.5,2,CALL
831,83200,10.5,0,14.75,0,PUT
831,83200,8.75,1,15.75,0,ASSET
831,83200,3.5,0,10.25,1,CALL
832,83300,11.75,0,14.25,2,ASSET
832,83300,3.75,0,10.0,2,CALL
832,83300,12.5,0,13.75,0,PUT
833,83400,10.5,2,16.5,2,PUT
833,83400,11.5,1,16.25,0,ASSET
833,83400,6.75,0,7.75,0,CALL
834,83500,13.0,2,13.75,1,PUT
834,83500,9.75,2,16.0,2,ASSET
834,83500,3.5,1,11.0,0,CALL
835,83600,12.0,0,14.75,2,PUT
835,83600,13.5,0,14.0,1,ASSET
835,83600,4.25,1,9.5,0,CALL
836,83700,3.0,0,10.25,0,CALL
836,83700,11.75,1,14.25,1,PUT
836,83700,10.25,1,16.5,0,ASSET
837,83800,9.25,0,16.0,2,PUT
837,83800,11.0,0,14.0,0,ASSET
837,83800,3.75,2,11.25,2,CALL
838,83900,3.75,0,10.0,2,CALL
838,83900,10.5,2,15.75,0,PUT
838,83900,12.0,1,14.0,1,ASSET
839,84000,7.5,1,8.0,0,CALL
839,84000,12.0,0,12.75,1,PUT
839,84000,10.25,2,14.5,0,ASSET
840,84100,5.5,2,10.5,0,CALL
840,84100,10.75,2,13.5,2,ASSET
840,84100,9.25,1,15.75,2,PUT
841,84200,12.5,0,12.5,2,ASSET
841,84200,9.25,0,15.75,1,PUT
841,84200,6.25,0,11.0,0,CALL
842,84300,10.75,2,13.25,0,ASSET
842,84300,11.0,1,12.5,2,PUT
842,84300,5.25,1,12.0,1,CALL
843,84400,9.75,0,14.25,2,ASSET
843,84400,9.75,1,14.5,2,PUT
843,84400,9.0,2,9.75,0,CALL
844,84500,7.75,2,14.75,0,ASSET
844,84500,10.0,0,12.5,1,PUT
844,84500,8.0,1,12.0,2,CALL
845,84600,9.25,0,13.75,1,ASSET
845,84600,8.5,1,14.5,2,PUT
845,84600,8.75,2,13.0,0,CALL
846,84700,10.0,0,14.0,1,PUT
846,84700,11.75,2,12.25,1,ASSET
846,84700,10.25,0,11.0,0,CALL
847,84800,9.75,1,15.0,2,PUT
847,84800,9.0,0,16.25,2,ASSET
847,84800,9.0,1,11.25,2,CALL
848,84900,9.0,1,11.5,2,CALL
848,84900,9.75,1,14.25,1,PUT
848,84900,10.0,2,14.75,1,ASSET
849,85000,10.0,2,14.25,1,PUT
849,85000,11.0,2,13.75,0,ASSET
849,85000,10.0,0,12.5,1,CALL
850,85100,10.0,1,15.0,0,ASSET
850,85100,10.25,0,15.0,2,PUT
850,85100,10.25,2,13.0,2,CALL
851,85200,9.0,2,11.75,2,CALL
851,85200,11.75,0,12.25,1,ASSET
851,85200,10.25,2,14.5,2,PUT
852,85300,10.0,2,14.5,0,ASSET
852,85300,10.0,1,12.75,1,CALL
852,85300,12.25,1,13.0,0,PUT
853,85400,12.25,1,13.25,1,ASSET
853,85400,8.5,0,13.75,0,CALL
853,85400,12.25,2,13.25,0,PUT
854,85500,12.25,0,13.75,0,PUT
854,85500,8.25,2,12.5,2,CALL
854,85500,12.5,0,13.75,2,ASSET
855,85600,13.0,2,13.0,2,ASSET
855,85600,12.5,1,13.25,0,PUT
855,85600,8.25,1,13.0,2,CALL
856,85700,7.0,1,14.0,1,CALL
856,85700,12.25,1,13.0,1,ASSET
856,85700,10.0,2,15.0,0,PUT
857,85800,10.25,2,15.0,0,ASSET
857,85800,12.0,1,13.0,1,PUT
857,85800,9.25,1,10.5,1,CALL
858,85900,11.75,0,15.0,2,ASSET
858,85900,7.25,0,12.5,1,CALL
858,85900,13.25,2,14.25,2,PUT
859,86000,12.5,1,13.5,0,PUT
859,86000,8.75,1,12.0,2,CALL
859,86000,12.5,2,13.5,2,ASSET
860,86100,12.75,0,14.25,2,PUT
860,86100,8.25,2,13.0,2,CALL
860,86100,12.75,0,14.0,0,ASSET
861,86200,9.5,0,16.75,2,PUT
861,86200,7.5,1,13.5,1,CALL
861,86200,12.25,0,15.0,1,ASSET
862,86300,11.25,0,14.75,1,ASSET
862,86300,9.25,1,12.5,1,CALL
862,86300,12.5,1,13.25,1,PUT
863,86400,13.0,2,14.5,0,ASSET
863,86400,11.75,2,16.5,1,PUT
863,86400,8.0,2,13.5,0,CALL
864,86500,13.0,2,13.5,2,ASSET
864,86500,9.5,1,10.75,2,CALL
864,86500,12.5,1,14.5,0,PUT
865,86600,5.75,0,13.0,0,CALL
865,86600,11.75,1,16.25,0,PUT
865,86600,10.5,2,17.0,1,ASSET
866,86700,12.0,2,14.5,1,PUT
866,86700,9.0,1,11.75,1,CALL
866,86700,13.25,2,13.5,1,ASSET
867,86800,6.75,2,13.0,2,CALL
867,86800,14.0,1,15.0,0,ASSET
867,86800,11.5,1,16.25,1,PUT
868,86900,11.75,0,17.0,0,ASSET
868,86900,11.75,2,16.5,2,PUT
868,86900,8.25,1,12.25,2,CALL
869,87000,11.75,2,18.25,1,ASSET
869,87000,7.25,2,13.75,2,CALL
869,87000,13.75,1,16.5,1,PUT
870,87100,15.5,0,16.25,0,ASSET
870,87100,12.25,2,19.5,2,PUT
870,87100,9.75,2,10.5,1,CALL
871,87200,13.75,1,18.0,2,PUT
871,87200,14.0,2,18.75,0,ASSET
871,87200,10.5,2,10.75,1,CALL
872,87300,11.5,2,11.5,0,CALL
872,87300,15.25,1,16.5,0,PUT
872,87300,12.75,0,19.25,2,ASSET
873,87400,13.5,1,18.5,1,ASSET
873,87400,9.5,0,14.25,2,CALL
873,87400,12.75,1,19.25,2,PUT
874,87500,15.5,2,16.75,2,ASSET
874,87500,9.5,1,16.25,1,CALL
874,87500,15.25,2,16.25,1,PUT
875,87600,11.25,0,12.0,2,CALL
875,87600,13.0,0,19.75,2,PUT
875,87600,16.25,1,16.5,1,ASSET
876,87700,9.0,1,13.75,1,CALL
876,87700,14.75,1,18.75,2,PUT
876,87700,16.75,0,17.25,0,ASSET
877,87800,16.25,1,17.0,0,PUT
877,87800,10.25,1,13.5,2,CALL
877,87800,13.75,2,20.25,0,ASSET
878,87900,10.25,0,12.5,1,CALL
878,87900,16.0,0,17.0,0,ASSET
878,87900,14.25,1,19.0,1,PUT
879,88000,12.25,2,12.5,0,CALL
879,88000,12.75,1,20.0,0,PUT
879,88000,13.5,2,20.0,2,ASSET
880,88100,13.5,2,19.75,0,PUT
880,88100,15.0,1,18.25,2,ASSET
880,88100,8.75,1,16.0,0,CALL
881,88200,11.75,0,11.75,2,CALL
881,88200,16.75,0,16.75,2,ASSET
881,88200,15.25,1,18.5,0,PUT
882,88300,14.75,2,18.75,1,ASSET
882,88300,8.75,1,13.75,2,CALL
882,88300,16.0,1,16.75,1,PUT
883,88400,14.25,0,19.0,2,PUT
883,88400,7.0,1,13.75,0,CALL
883,88400,15.5,2,18.5,1,ASSET
884,88500,15.25,0,19.25,2,PUT
884,88500,9.75,2,12.0,2,CALL
884,88500,14.0,0,20.25,1,ASSET
885,88600,17.0,0,18.0,2,ASSET
885,88600,9.5,1,14.5,1,CALL
885,88600,15.75,2,18.25,1,PUT
886,88700,17.0,1,18.0,1,PUT
886,88700,8.5,2,15.25,0,CALL
886,88700,15.25,1,20.0,2,ASSET
887,88800,12.5,0,13.0,0,CALL
887,88800,16.25,1,19.0,1,ASSET
887,88800,14.25,1,21.25,2,PUT
888,88900,16.25,0,19.0,2,ASSET
888,88900,12.25,1,13.0,1,CALL
888,88900,14.5,1,21.0,2,PUT
889,89000,10.75,1,15.75,0,CALL
889,89000,17.5,1,18.25,2,PUT
889,89000,15.5,2,20.0,2,ASSET
890,89100,15.75,2,18.75,1,PUT
890,89100,10.5,2,15.5,0,CALL
890,89100,16.0,0,18.75,2,ASSET
891,89200,11.5,0,16.5,1,CALL
891,89200,16.0,2,18.75,2,ASSET
891,89200,14.5,0,19.75,0,PUT
892,89300,10.25,0,17.25,0,CALL
892,89300,16.5,2,19.5,0,PUT
892,89300,14.0,1,20.75,0,ASSET
893,89400,16.75,1,19.0,1,ASSET
893,89400,10.75,1,16.25,0,CALL
893,89400,16.25,2,18.75,0,PUT
894,89500,16.25,0,19.25,1,ASSET
894,89500,14.5,1,20.75,2,PUT
894,89500,12.25,1,17.0,2,CALL
895,89600,13.0,0,19.75,2,ASSET
895,89600,15.75,2,18.0,1,PUT
895,89600,13.75,2,15.0,1,CALL
896,89700,14.0,1,20.5,2,PUT
896,89700,11.25,1,17.75,0,CALL
896,89700,17.5,1,18.25,2,ASSET
897,89800,15.25,1,20.0,0,ASSET
897,89800,11.0,2,17.75,2,CALL
897,89800,15.5,1,18.25,2,PUT
898,89900,14.25,2,19.0,2,ASSET
898,89900,11.25,2,18.0,1,CALL
898,89900,13.25,1,20.75,0,PUT
899,90000,13.75,1,21.25,2,ASSET
899,90000,16.0,0,18.75,1,PUT
899,90000,14.25,1,15.0,0,CALL
900,90100,14.75,0,19.25,0,PUT
900,90100,14.75,0,15.0,0,CALL
900,90100,15.0,1,20.0,2,ASSET
901,90200,14.0,2,20.0,2,PUT
901,90200,14.0,0,16.5,0,CALL
901,90200,15.0,0,19.0,1,ASSET
902,90300,15.25,1,16.25,2,CALL
902,90300,13.25,2,20.0,1,ASSET
902,90300,14.0,1,19.5,0,PUT
903,90400,16.25,0,18.5,0,ASSET
903,90400,15.25,2,19.75,1,PUT
903,90400,14.75,1,15.25,1,CALL
904,90500,13.5,0,19.75,0,ASSET
904,90500,14.5,1,19.0,2,PUT
904,90500,11.75,2,16.0,1,CALL
905,90600,13.75,0,16.75,2,CALL
905,90600,14.75,2,17.75,2,ASSET
905,90600,14.75,0,18.0,1,PUT
906,90700,13.25,2,17.75,2,CALL
906,90700,16.0,2,17.0,1,ASSET
906,90700,14.5,2,19.25,0,PUT
907,90800,11.5,1,17.75,1,CALL
907,90800,15.75,0,16.5,1,ASSET
907,90800,15.25,1,17.5,0,PUT
908,90900,13.75,0,14.5,0,CALL
908,90900,14.0,0,18.75,1,PUT
908,90900,15.25,0,16.75,1,ASSET
909,91000,10.75,2,17.5,1,CALL
909,91000,15.25,2,15.75,1,ASSET
909,91000,13.0,2,18.0,1,PUT
910,91100,13.0,1,17.5,0,PUT
910,91100,12.75,0,13.25,2,CALL
910,91100,13.0,1,17.25,1,ASSET
911,91200,14.0,1,15.25,1,PUT
911,91200,12.25,2,17.25,2,ASSET
911,91200,9.75,0,16.75,2,CALL
912,91300,13.25,2,17.75,2,ASSET
912,91300,10.75,0,15.5,0,CALL
912,91300,14.25,1,16.5,0,PUT
913,91400,11.5,0,18.25,2,ASSET
913,91400,10.25,0,17.75,0,CALL
913,91400,13.5,1,15.75,1,PUT
914,91500,13.5,0,16.5,1,ASSET
914,91500,12.0,2,18.0,1,PUT
914,91500,9.5,2,16.25,1,CALL
915,91600,10.5,1,14.5,2,CALL
915,91600,11.75,0,18.25,2,ASSET
915,91600,13.0,0,15.75,1,PUT
916,91700,11.25,2,15.5,2,CALL
916,91700,12.0,2,17.25,2,ASSET
916,91700,13.0,1,15.75,1,PUT
917,91800,11.75,0,16.75,2,ASSET
917,91800,13.5,0,14.25,1,CALL
917,91800,12.0,2,16.25,2,PUT
918,91900,11.0,2,18.0,2,PUT
918,91900,14.5,0,14.5,2,ASSET
918,91900,10.25,0,16.75,2,CALL
919,92000,12.0,0,14.25,1,CALL
919,92000,13.25,0,16.0,1,ASSET
919,92000,11.0,0,18.0,1,PUT
920,92100,10.25,1,16.5,1,CALL
920,92100,14.25,0,14.75,2,ASSET
920,92100,13.25,1,15.75,0,PUT
921,92200,14.0,1,14.5,0,PUT
921,92200,11.5,1,17.75,1,ASSET
921,92200,11.5,2,16.25,1,CALL
922,92300,12.75,2,16.75,2,PUT
922,92300,10.5,2,15.25,0,CALL
922,92300,12.25,2,17.0,2,ASSET
923,92400,9.75,1,15.25,0,CALL
923,92400,14.25,0,15.75,1,ASSET
923,92400,11.75,0,18.5,1,PUT
924,92500,15.75,1,16.0,0,PUT
924,92500,8.75,1,15.5,0,CALL
924,92500,14.0,1,17.5,1,ASSET
925,92600,10.0,0,15.5,0,CALL
925,92600,13.0,1,17.5,0,ASSET
925,92600,14.25,0,17.25,0,PUT
926,92700,10.25,2,17.0,2,CALL
926,92700,12.25,1,19.25,0,PUT
926,92700,13.0,1,18.25,1,ASSET
927,92800,10.75,0,15.5,1,CALL
927,92800,14.25,1,15.75,0,ASSET
927,92800,13.0,2,17.5,2,PUT
928,92900,11.0,1,15.25,0,CALL
928,92900,13.75,2,18.0,0,ASSET
928,92900,15.75,2,15.75,1,PUT
929,93000,12.5,1,19.75,1,ASSET
929,93000,12.25,2,19.25,1,PUT
929,93000,9.75,1,14.75,2,CALL
930,93100,11.75,1,18.75,0,PUT
930,93100,14.75,1,16.0,0,ASSET
930,93100,10.5,0,13.75,0,CALL
931,93200,13.5,0,18.0,1,PUT
931,93200,13.25,2,18.75,2,ASSET
931,93200,12.25,1,12.25,2,CALL
932,93300,16.0,0,16.25,1,PUT
932,93300,15.75,2,16.0,1,ASSET
932,93300,11.75,1,11.75,0,CALL
933,93400,13.25,2,18.0,1,ASSET
933,93400,15.0,1,16.0,0,PUT
933,93400,10.5,2,12.75,2,CALL
934,93500,12.0,2,19.25,0,PUT
934,93500,8.0,0,15.5,1,CALL
934,93500,15.5,1,16.25,2,ASSET
935,93600,9.0,1,15.5,1,CALL
935,93600,15.75,2,16.25,0,PUT
935,93600,14.25,1,17.5,1,ASSET
936,93700,10.0,1,13.25,2,CALL
936,93700,14.25,1,17.0,1,PUT
936,93700,11.5,1,19.0,0,ASSET
937,93800,14.75,1,17.5,2,ASSET
937,93800,9.75,1,13.75,0,CALL
937,93800,14.25,0,17.25,0,PUT
938,93900,11.0,2,13.5,1,CALL
938,93900,14.75,1,17.25,2,PUT
938,93900,14.75,1,17.0,1,ASSET
939,94000,11.75,2,18.75,0,PUT
939,94000,13.5,2,17.0,0,ASSET
939,94000,10.25,2,12.25,0,CALL
940,94100,13.5,2,15.75,0,PUT
940,94100,14.0,1,15.0,0,ASSET
940,94100,8.75,0,13.0,2,CALL
941,94200,14.0,1,15.5,0,PUT
941,94200,11.0,0,18.25,1,ASSET
941,94200,7.5,1,14.0,2,CALL
942,94300,7.0,2,13.25,0,CALL
942,94300,13.0,2,15.5,2,PUT
942,94300,12.25,2,16.75,2,ASSET
943,94400,12.75,0,17.0,0,PUT
943,94400,9.5,2,10.25,0,CALL
943,94400,14.5,0,15.5,0,ASSET
944,94500,14.25,0,16.5,2,ASSET
944,94500,5.75,1,12.75,1,CALL
944,94500,14.5,2,15.25,0,PUT
945,94600,15.0,1,16.5,1,ASSET
945,94600,14.5,1,17.0,1,PUT
945,94600,8.5,0,8.75,2,CALL
946,94700,16.25,1,17.0,0,PUT
946,94700,12.5,1,20.0,2,ASSET
946,94700,8.0,2,9.0,0,CALL
947,94800,7.75,0,8.5,1,CALL
947,94800,15.25,2,19.25,1,ASSET
947,94800,15.0,0,20.0,2,PUT
948,94900,5.75,2,10.25,0,CALL
948,94900,16.0,1,18.25,2,PUT
948,94900,17.0,0,17.25,0,ASSET
949,95000,5.5,2,12.0,1,CALL
949,95000,13.5,0,20.5,1,PUT
949,95000,15.75,1,18.25,0,ASSET
950,95100,15.5,2,18.25,0,ASSET
950,95100,14.75,1,17.5,0,PUT
950,95100,6.5,1,9.25,1,CALL
951,95200,7.75,0,9.0,2,CALL
951,95200,13.75,0,17.0,2,PUT
951,95200,13.75,0,16.5,1,ASSET
952,95300,6.75,1,9.5,0,CALL
952,95300,13.75,2,18.75,0,PUT
952,95300,14.75,1,17.5,2,ASSET
953,95400,13.0,2,19.75,2,PUT
953,95400,5.25,1,11.25,0,CALL
953,95400,14.25,2,19.0,0,ASSET
954,95500,14.75,0,18.0,2,ASSET
954,95500,5.5,2,11.75,2,CALL
954,95500,14.25,0,18.5,0,PUT
955,95600,8.0,1,8.75,0,CALL
955,95600,13.0,2,20.0,1,ASSET
955,95600,14.0,1,18.25,2,PUT
956,95700,13.75,2,20.75,0,PUT
956,95700,13.5,0,20.0,0,ASSET
956,95700,5.25,0,11.25,0,CALL
957,95800,15.0,0,20.0,1,PUT
957,95800,14.0,2,21.25,2,ASSET
957,95800,4.75,2,11.75,2,CALL
958,95900,17.75,2,19.25,2,PUT
958,95900,18.25,0,19.25,0,ASSET
958,95900,7.75,1,8.5,0,CALL
959,96000,18.0,0,18.25,1,PUT
959,96000,17.5,2,18.75,0,ASSET
959,96000,7.25,0,10.0,2,CALL
960,96100,15.75,1,21.25,2,ASSET
960,96100,15.75,1,21.25,2,PUT
960,96100,5.5,0,9.5,1,CALL
961,96200,17.75,0,20.25,2,PUT
961,96200,16.75,2,21.25,1,ASSET
961,96200,6.0,0,8.75,0,CALL
962,96300,16.5,1,21.25,1,PUT
962,96300,15.0,0,22.0,1,ASSET
962,96300,5.0,2,10.5,2,CALL
963,96400,16.5,1,19.75,2,PUT
963,96400,15.0,0,22.0,0,ASSET
963,96400,4.5,2,10.5,1,CALL
964,96500,6.25,1,9.25,0,CALL
964,96500,14.5,0,19.75,2,ASSET
964,96500,15.0,2,20.0,0,PUT
965,96600,13.5,1,19.75,1,PUT
965,96600,16.5,1,17.5,0,ASSET
965,96600,5.5,2,9.0,2,CALL
966,96700,16.25,2,18.75,1,ASSET
966,96700,5.5,1,8.0,2,CALL
966,96700,14.5,0,21.25,0,PUT
967,96800,15.5,2,18.25,1,PUT
967,96800,6.0,2,8.75,2,CALL
967,96800,14.0,1,20.75,2,ASSET
968,96900,14.75,0,21.25,1,ASSET
968,96900,6.25,0,8.75,2,CALL
968,96900,15.0,2,20.25,0,PUT
969,97000,17.0,0,19.5,0,ASSET
969,97000,6.0,2,8.25,0,CALL
969,97000,15.0,1,21.5,1,PUT
970,97100,18.75,0,20.0,2,PUT
970,97100,16.75,2,21.5,0,ASSET
970,97100,4.5,2,9.5,2,CALL
971,97200,4.5,0,9.75,0,CALL
971,97200,16.0,0,22.75,1,PUT
971,97200,16.0,1,22.5,2,ASSET
972,97300,16.5,2,24.0,1,ASSET
972,97300,4.5,2,9.5,1,CALL
972,97300,19.75,0,20.5,0,PUT
973,97400,17.75,1,22.5,1,ASSET
973,97400,19.25,0,21.75,0,PUT
973,97400,5.75,0,8.5,1,CALL
974,97500,19.75,2,21.0,1,ASSET
974,97500,20.0,2,21.0,2,PUT
974,97500,5.0,0,10.25,0,CALL
975,97600,4.25,1,10.75,1,CALL
975,97600,19.25,2,21.5,0,ASSET
975,97600,19.75,0,20.25,1,PUT
976,97700,16.5,0,23.5,2,ASSET
976,97700,18.25,2,21.25,1,PUT
976,97700,5.25,1,10.0,2,CALL
977,97800,18.5,0,22.0,1,ASSET
977,97800,5.75,1,8.25,1,CALL
977,97800,16.5,0,24.0,1,PUT
978,97900,19.75,1,20.25,0,ASSET
978,97900,19.75,0,20.75,1,PUT
978,97900,6.25,2,8.5,0,CALL
979,98000,16.75,0,23.0,0,PUT
979,98000,18.25,1,21.25,1,ASSET
979,98000,4.0,0,11.0,0,CALL
980,98100,5.75,1,9.0,1,CALL
980,98100,19.0,1,22.25,0,PUT
980,98100,18.75,1,21.75,2,ASSET
981,98200,5.25,1,10.75,2,CALL
981,98200,20.0,0,20.5,1,ASSET
981,98200,17.0,1,23.0,2,PUT
982,98300,7.5,1,8.75,2,CALL
982,98300,15.75,0,22.75,0,ASSET
982,98300,19.0,2,20.0,1,PUT
983,98400,17.25,1,21.5,1,ASSET
983,98400,5.75,2,10.5,2,CALL
983,98400,17.0,0,22.0,2,PUT
984,98500,7.0,0,7.75,0,CALL
984,98500,19.0,0,22.0,1,PUT
984,98500,19.0,0,22.0,0,ASSET
985,98600,16.75,1,23.25,1,PUT
985,98600,19.75,2,20.5,1,ASSET
985,98600,7.5,2,8.75,0,CALL
986,98700,17.5,1,22.75,0,PUT
986,98700,19.75,2,20.5,1,ASSET
986,98700,6.75,1,9.5,0,CALL
987,98800,18.0,1,21.0,1,PUT
987,98800,17.0,2,22.25,2,ASSET
987,98800,6.0,0,10.25,1,CALL
988,98900,7.25,2,8.25,1,CALL
988,98900,18.75,0,18.75,2,PUT
988,98900,16.75,2,21.0,1,ASSET
989,99000,5.0,0,11.0,1,CALL
989,99000,17.75,2,20.5,0,PUT
989,99000,18.75,1,19.5,1,ASSET
990,99100,4.25,2,11.25,0,CALL
990,99100,19.0,1,19.75,1,PUT
990,99100,18.5,1,20.75,1,ASSET
991,99200,7.75,1,8.75,1,CALL
991,99200,19.5,2,20.0,0,PUT
991,99200,16.25,0,23.75,1,ASSET
992,99300,19.25,2,20.75,2,ASSET
992,99300,5.75,1,11.0,1,CALL
992,99300,17.5,0,22.5,0,PUT
993,99400,16.0,1,23.25,0,PUT
993,99400,19.25,1,20.25,0,ASSET
993,99400,8.5,2,9.5,0,CALL
994,99500,19.75,0,21.0,2,ASSET
994,99500,18.75,2,21.25,2,PUT
994,99500,5.75,0,12.5,0,CALL
995,99600,17.25,1,24.5,1,PUT
995,99600,5.25,0,12.75,2,CALL
995,99600,20.75,1,20.75,1,ASSET
996,99700,8.0,0,11.0,1,CALL
996,99700,17.75,2,23.25,1,ASSET
996,99700,17.25,2,23.75,1,PUT
997,99800,7.0,1,11.75,1,CALL
997,99800,17.75,0,22.5,1,ASSET
997,99800,20.0,1,20.75,1,PUT
998,99900,19.0,0,21.75,0,ASSET
998,99900,18.25,0,21.75,1,PUT
998,99900,7.0,0,13.5,1,CALL
999,100000,8.5,1,9.75,0,CALL
999,100000,17.25,2,23.5,0,PUT
999,100000,19.0,2,21.75,2,ASSET
