,timestamp,bid_price_1,bid_volume_1,bid_price_2,bid_volume_2,bid_price_3,bid_volume_3,ask_price_1,ask_volume_1,ask_price_2,ask_volume_2,ask_price_3,ask_volume_3,product
0,100,16.0,9,15.75,3,15.5,1,24.0,6,24.25,5,24.5,2,PUT
0,100,18.0,6,17.75,5,17.5,2,22.0,8,22.25,4,22.5,2,CALL
0,100,17.0,7,16.75,2,16.5,1,23.0,9,23.25,4,23.5,2,ASSET
1,200,16.5,8,16.25,2,16.0,0,24.5,9,24.75,6,25.0,0,PUT
1,200,16.5,8,16.25,1,16.0,2,22.5,7,22.75,2,23.0,2,CALL
1,200,17.5,10,17.25,3,17.0,0,23.5,7,23.75,1,24.0,0,ASSET
2,300,18.5,7,18.25,1,18.0,2,22.5,9,22.75,4,23.0,1,PUT
2,300,19.0,9,18.75,4,18.5,0,21.0,7,21.25,2,21.5,0,CALL
2,300,19.5,6,19.25,3,19.0,2,21.5,10,21.75,5,22.0,2,ASSET
3,400,17.5,6,17.25,4,17.0,1,23.5,10,23.75,5,24.0,2,PUT
3,400,18.5,6,18.25,4,18.0,0,22.5,5,22.75,5,23.0,0,CALL
3,400,17.5,6,17.25,6,17.0,2,23.5,6,23.75,5,24.0,2,ASSET
4,500,16.25,9,16.0,6,15.75,1,24.25,5,24.5,6,24.75,0,CALL
4,500,20.5,10,20.25,5,20.0,2,22.5,10,22.75,4,23.0,1,ASSET
4,500,18.5,10,18.25,6,18.0,1,24.5,7,24.75,2,25.0,0,PUT
5,600,18.5,5,18.25,3,18.0,2,24.5,8,24.75,1,25.0,2,ASSET
5,600,20.5,6,20.25,2,20.0,0,22.5,10,22.75,2,23.0,0,PUT
5,600,17.0,10,16.75,4,16.5,2,23.0,9,23.25,1,23.5,2,CALL
6,700,18.0,8,17.75,2,17.5,2,26.0,8,26.25,5,26.5,2,ASSET
6,700,21.0,6,20.75,5,20.5,2,23.0,5,23.25,4,23.5,2,PUT
6,700,18.0,6,17.75,6,17.5,2,22.0,5,22.25,5,22.5,2,CALL
7,800,19.5,5,19.25,4,19.0,0,25.5,5,25.75,4,26.0,2,ASSET
7,800,19.5,9,19.25,3,19.0,2,25.5,9,25.75,2,26.0,1,PUT
7,800,17.25,5,17.0,6,16.75,0,21.25,10,21.5,3,21.75,0,CALL
8,900,18.25,8,18.0,6,17.75,2,26.25,5,26.5,3,26.75,1,ASSET
8,900,15.75,10,15.5,1,15.25,2,23.75,5,24.0,1,24.25,0,CALL
8,900,18.25,10,18.0,5,17.75,2,26.25,9,26.5,1,26.75,1,PUT
9,1000,18.25,8,18.0,4,17.75,0,20.25,8,20.5,2,20.75,1,CALL
9,1000,21.25,10,21.0,4,20.75,2,23.25,6,23.5,2,23.75,2,ASSET
9,1000,18.25,7,18.0,3,17.75,2,26.25,5,26.5,1,26.75,1,PUT
10,1100,18.0,5,17.75,5,17.5,2,20.0,5,20.25,1,20.5,1,CALL
10,1100,20.25,7,20.0,2,19.75,1,24.25,9,24.5,3,24.75,0,ASSET
10,1100,20.25,6,20.0,2,19.75,1,24.25,9,24.5,5,24.75,0,PUT
11,1200,15.75,5,15.5,2,15.25,0,21.75,9,22.0,2,22.25,2,CALL
11,1200,19.25,9,19.0,4,18.75,1,25.25,10,25.5,1,25.75,1,ASSET
11,1200,21.25,7,21.0,5,20.75,1,23.25,10,23.5,2,23.75,0,PUT
12,1300,21.25,10,21.0,5,20.75,1,23.25,7,23.5,5,23.75,0,ASSET
12,1300,21.25,7,21.0,6,20.75,0,23.25,10,23.5,6,23.75,0,PUT
12,1300,15.75,8,15.5,2,15.25,1,21.75,10,22.0,3,22.25,1,CALL
13,1400,19.5,9,19.25,3,19.0,0,25.5,7,25.75,5,26.0,0,PUT
13,1400,14.5,10,14.25,3,14.0,1,22.5,8,22.75,5,23.0,0,CALL
13,1400,20.5,10,20.25,4,20.0,1,24.5,6,24.75,5,25.0,1,ASSET
14,1500,21.0,6,20.75,4,20.5,1,25.0,9,25.25,1,25.5,2,PUT
14,1500,13.75,7,13.5,6,13.25,1,21.75,6,22.0,1,22.25,2,CALL
14,1500,19.0,6,18.75,5,18.5,0,27.0,9,27.25,3,27.5,2,ASSET
15,1600,19.5,10,19.25,1,19.0,0,27.5,5,27.75,2,28.0,2,PUT
15,1600,13.75,7,13.5,5,13.25,2,21.75,7,22.0,5,22.25,1,CALL
15,1600,20.5,10,20.25,6,20.0,2,26.5,6,26.75,6,27.0,1,ASSET
16,1700,16.5,5,16.25,4,16.0,1,20.5,6,20.75,4,21.0,1,CALL
16,1700,21.25,9,21.0,3,20.75,1,25.25,7,25.5,4,25.75,0,ASSET
16,1700,20.25,7,20.0,5,19.75,1,26.25,5,26.5,2,26.75,2,PUT
17,1800,19.75,5,19.5,6,19.25,2,25.75,6,26.0,1,26.25,0,ASSET
17,1800,18.75,5,18.5,2,18.25,1,26.75,8,27.0,2,27.25,1,PUT
17,1800,14.75,5,14.5,6,14.25,2,22.75,6,23.0,2,23.25,2,CALL
18,1900,20.25,6,20.0,6,19.75,2,24.25,6,24.5,4,24.75,2,ASSET
18,1900,20.25,8,20.0,4,19.75,1,24.25,6,24.5,2,24.75,2,PUT
18,1900,14.5,6,14.25,3,14.0,0,22.5,9,22.75,6,23.0,2,CALL
19,2000,19.25,5,19.0,1,18.75,0,23.25,10,23.5,1,23.75,0,ASSET
19,2000,20.25,7,20.0,3,19.75,1,22.25,8,22.5,1,22.75,0,PUT
19,2000,16.75,5,16.5,2,16.25,2,20.75,7,21.0,1,21.25,0,CALL
20,2100,17.5,5,17.25,6,17.0,1,25.5,6,25.75,3,26.0,1,PUT
20,2100,16.0,7,15.75,5,15.5,0,20.0,7,20.25,2,20.5,0,CALL
20,2100,20.5,8,20.25,1,20.0,1,22.5,8,22.75,5,23.0,2,ASSET
21,2200,15.75,9,15.5,2,15.25,0,19.75,8,20.0,4,20.25,0,CALL
21,2200,20.0,8,19.75,4,19.5,0,22.0,6,22.25,1,22.5,1,ASSET
21,2200,20.0,10,19.75,5,19.5,2,22.0,8,22.25,5,22.5,0,PUT
22,2300,13.25,9,13.0,4,12.75,1,21.25,6,21.5,3,21.75,2,CALL
22,2300,19.25,6,19.0,5,18.75,2,23.25,9,23.5,5,23.75,2,ASSET
22,2300,18.25,7,18.0,4,17.75,1,24.25,10,24.5,2,24.75,0,PUT
23,2400,15.0,5,14.75,3,14.5,1,21.0,5,21.25,4,21.5,1,CALL
23,2400,19.5,5,19.25,2,19.0,0,21.5,7,21.75,4,22.0,0,ASSET
23,2400,19.5,5,19.25,5,19.0,2,21.5,10,21.75,2,22.0,1,PUT
24,2500,16.0,5,15.75,5,15.5,1,20.0,5,20.25,2,20.5,0,CALL
24,2500,16.5,10,16.25,4,16.0,0,24.5,9,24.75,6,25.0,1,PUT
24,2500,17.5,5,17.25,3,17.0,1,23.5,5,23.75,3,24.0,0,ASSET
25,2600,18.25,7,18.0,5,17.75,1,22.25,7,22.5,5,22.75,1,PUT
25,2600,16.75,10,16.5,1,16.25,2,18.75,10,19.0,3,19.25,2,CALL
25,2600,19.25,7,19.0,6,18.75,1,21.25,8,21.5,5,21.75,1,ASSET
26,2700,17.75,10,17.5,6,17.25,0,23.75,9,24.0,4,24.25,1,PUT
26,2700,14.75,5,14.5,2,14.25,1,20.75,7,21.0,1,21.25,0,CALL
26,2700,19.75,9,19.5,5,19.25,1,21.75,9,22.0,4,22.25,2,ASSET
27,2800,18.25,7,18.0,1,17.75,1,24.25,7,24.5,2,24.75,2,PUT
27,2800,16.25,7,16.0,6,15.75,0,18.25,9,18.5,6,18.75,2,CALL
27,2800,20.25,8,20.0,1,19.75,1,22.25,10,22.5,6,22.75,1,ASSET
28,2900,14.25,10,14.0,6,13.75,0,20.25,10,20.5,1,20.75,2,CALL
28,2900,18.5,8,18.25,4,18.0,1,22.5,8,22.75,3,23.0,1,ASSET
28,2900,19.5,7,19.25,6,19.0,0,21.5,7,21.75,4,22.0,1,PUT
29,3000,16.25,5,16.0,4,15.75,0,24.25,9,24.5,5,24.75,0,ASSET
29,3000,19.25,6,19.0,1,18.75,0,21.25,7,21.5,5,21.75,2,PUT
29,3000,15.75,9,15.5,1,15.25,1,19.75,6,20.0,1,20.25,0,CALL
30,3100,18.25,6,18.0,2,17.75,1,22.25,10,22.5,1,22.75,2,ASSET
30,3100,19.25,5,19.0,4,18.75,1,21.25,9,21.5,2,21.75,2,PUT
30,3100,14.5,6,14.25,5,14.0,2,20.5,7,20.75,6,21.0,1,CALL
31,3200,16.5,7,16.25,2,16.0,1,22.5,5,22.75,3,23.0,2,ASSET
31,3200,15.5,8,15.25,1,15.0,1,23.5,10,23.75,1,24.0,2,PUT
31,3200,14.0,10,13.75,2,13.5,0,22.0,8,22.25,3,22.5,2,CALL
32,3300,17.25,6,17.0,2,16.75,2,21.25,10,21.5,2,21.75,2,ASSET
32,3300,16.25,10,16.0,6,15.75,0,20.25,10,20.5,6,20.75,1,CALL
32,3300,17.25,7,17.0,6,16.75,0,21.25,5,21.5,2,21.75,1,PUT
33,3400,16.25,10,16.0,5,15.75,1,22.25,5,22.5,4,22.75,0,CALL
33,3400,17.5,5,17.25,4,17.0,1,21.5,6,21.75,5,22.0,1,ASSET
33,3400,16.5,10,16.25,2,16.0,0,22.5,8,22.75,5,23.0,1,PUT
34,3500,14.25,6,14.0,1,13.75,1,22.25,8,22.5,1,22.75,1,CALL
34,3500,16.5,7,16.25,6,16.0,0,22.5,6,22.75,4,23.0,2,ASSET
34,3500,16.5,8,16.25,5,16.0,1,22.5,7,22.75,1,23.0,2,PUT
35,3600,15.25,7,15.0,4,14.75,1,21.25,10,21.5,1,21.75,0,CALL
35,3600,16.25,9,16.0,2,15.75,1,24.25,8,24.5,5,24.75,2,ASSET
35,3600,16.25,5,16.0,3,15.75,1,24.25,8,24.5,5,24.75,1,PUT
36,3700,18.75,7,18.5,5,18.25,0,20.75,8,21.0,2,21.25,0,ASSET
36,3700,16.75,6,16.5,4,16.25,0,22.75,7,23.0,5,23.25,0,PUT
36,3700,17.5,9,17.25,2,17.0,0,19.5,8,19.75,5,20.0,2,CALL
37,3800,19.25,7,19.0,2,18.75,1,21.25,10,21.5,2,21.75,0,PUT
37,3800,14.5,9,14.25,3,14.0,0,22.5,5,22.75,5,23.0,1,CALL
37,3800,16.25,7,16.0,3,15.75,0,24.25,5,24.5,6,24.75,1,ASSET
38,3900,19.0,9,18.75,5,18.5,2,21.0,10,21.25,2,21.5,2,PUT
38,3900,15.25,6,15.0,4,14.75,1,23.25,6,23.5,4,23.75,2,CALL
38,3900,16.0,8,15.75,1,15.5,2,24.0,7,24.25,4,24.5,1,ASSET
39,4000,18.0,6,17.75,4,17.5,2,20.0,7,20.25,1,20.5,2,PUT
39,4000,16.5,10,16.25,6,16.0,0,22.5,10,22.75,2,23.0,1,CALL
39,4000,15.0,10,14.75,4,14.5,0,23.0,9,23.25,4,23.5,0,ASSET
40,4100,17.0,7,16.75,3,16.5,0,21.0,10,21.25,1,21.5,2,PUT
40,4100,16.0,6,15.75,4,15.5,1,22.0,6,22.25,4,22.5,2,ASSET
40,4100,18.0,10,17.75,2,17.5,0,20.0,7,20.25,3,20.5,1,CALL
41,4200,14.75,10,14.5,3,14.25,1,22.75,8,23.0,4,23.25,0,ASSET
41,4200,17.75,8,17.5,2,17.25,2,19.75,10,20.0,4,20.25,0,PUT
41,4200,17.75,7,17.5,4,17.25,1,19.75,5,20.0,6,20.25,1,CALL
42,4300,16.75,7,16.5,5,16.25,2,20.75,7,21.0,1,21.25,2,ASSET
42,4300,15.75,8,15.5,5,15.25,1,21.75,8,22.0,5,22.25,2,PUT
42,4300,15.75,9,15.5,5,15.25,2,21.75,10,22.0,4,22.25,0,CALL
43,4400,17.0,5,16.75,3,16.5,2,21.0,6,21.25,1,21.5,2,ASSET
43,4400,18.0,10,17.75,5,17.5,2,20.0,7,20.25,3,20.5,1,PUT
43,4400,15.25,6,15.0,6,14.75,2,23.25,9,23.5,3,23.75,0,CALL
44,4500,14.25,10,14.0,4,13.75,0,22.25,9,22.5,2,22.75,0,PUT
44,4500,18.25,8,18.0,5,17.75,2,20.25,6,20.5,1,20.75,1,CALL
44,4500,17.25,9,17.0,5,16.75,1,19.25,10,19.5,2,19.75,0,ASSET
45,4600,18.0,6,17.75,1,17.5,1,22.0,8,22.25,4,22.5,0,CALL
45,4600,17.25,10,17.0,2,16.75,0,19.25,9,19.5,3,19.75,1,ASSET
45,4600,17.25,10,17.0,3,16.75,0,19.25,6,19.5,6,19.75,1,PUT
46,4700,16.25,9,16.0,1,15.75,0,24.25,6,24.5,4,24.75,0,CALL
46,4700,15.5,10,15.25,4,15.0,1,21.5,7,21.75,2,22.0,1,ASSET
46,4700,15.5,7,15.25,5,15.0,2,21.5,10,21.75,5,22.0,2,PUT
47,4800,17.0,5,16.75,2,16.5,1,25.0,5,25.25,2,25.5,2,CALL
47,4800,17.5,7,17.25,4,17.0,1,19.5,10,19.75,5,20.0,2,ASSET
47,4800,14.5,6,14.25,2,14.0,0,22.5,9,22.75,3,23.0,2,PUT
48,4900,15.0,7,14.75,3,14.5,1,23.0,8,23.25,2,23.5,1,ASSET
48,4900,17.0,7,16.75,1,16.5,0,21.0,6,21.25,1,21.5,1,PUT
48,4900,17.75,6,17.5,1,17.25,2,23.75,10,24.0,3,24.25,0,CALL
49,5000,15.25,9,15.0,2,14.75,1,23.25,7,23.5,6,23.75,0,PUT
49,5000,16.0,8,15.75,6,15.5,1,24.0,7,24.25,3,24.5,1,CALL
49,5000,18.25,7,18.0,5,17.75,1,20.25,8,20.5,3,20.75,0,ASSET
50,5100,15.25,7,15.0,1,14.75,2,23.25,6,23.5,3,23.75,2,PUT
50,5100,17.75,9,17.5,2,17.25,2,23.75,5,24.0,5,24.25,0,CALL
50,5100,17.25,10,17.0,4,16.75,1,21.25,6,21.5,2,21.75,0,ASSET
51,5200,17.5,6,17.25,1,17.0,0,21.5,7,21.75,4,22.0,2,PUT
51,5200,17.75,7,17.5,5,17.25,1,23.75,9,24.0,2,24.25,0,CALL
51,5200,15.5,5,15.25,5,15.0,0,23.5,6,23.75,3,24.0,1,ASSET
52,5300,19.5,9,19.25,3,19.0,2,23.5,10,23.75,6,24.0,1,CALL
52,5300,18.0,8,17.75,1,17.5,0,20.0,6,20.25,4,20.5,2,ASSET
52,5300,15.0,10,14.75,2,14.5,0,23.0,6,23.25,2,23.5,2,PUT
53,5400,18.75,10,18.5,2,18.25,0,20.75,6,21.0,2,21.25,1,ASSET
53,5400,16.75,9,16.5,6,16.25,0,22.75,5,23.0,6,23.25,0,PUT
53,5400,20.0,8,19.75,4,19.5,2,22.0,6,22.25,5,22.5,0,CALL
54,5500,17.25,9,17.0,2,16.75,2,21.25,7,21.5,4,21.75,2,ASSET
54,5500,17.25,9,17.0,4,16.75,0,21.25,6,21.5,3,21.75,2,PUT
54,5500,18.0,7,17.75,3,17.5,0,24.0,6,24.25,1,24.5,0,CALL
55,5600,18.75,9,18.5,5,18.25,0,20.75,7,21.0,5,21.25,0,ASSET
55,5600,17.75,7,17.5,6,17.25,0,21.75,6,22.0,1,22.25,0,PUT
55,5600,16.5,6,16.25,2,16.0,1,24.5,8,24.75,2,25.0,0,CALL
56,5700,17.75,10,17.5,5,17.25,1,21.75,6,22.0,3,22.25,1,ASSET
56,5700,17.0,10,16.75,3,16.5,2,23.0,8,23.25,4,23.5,1,CALL
56,5700,16.75,9,16.5,6,16.25,0,22.75,9,23.0,4,23.25,2,PUT
57,5800,19.0,7,18.75,1,18.5,0,21.0,5,21.25,3,21.5,1,CALL
57,5800,16.25,10,16.0,4,15.75,2,24.25,8,24.5,6,24.75,2,ASSET
57,5800,18.25,7,18.0,3,17.75,0,22.25,7,22.5,3,22.75,2,PUT
58,5900,17.0,9,16.75,1,16.5,0,21.0,8,21.25,6,21.5,0,CALL
58,5900,18.25,5,18.0,3,17.75,0,22.25,8,22.5,5,22.75,2,ASSET
58,5900,19.25,6,19.0,3,18.75,2,21.25,6,21.5,3,21.75,1,PUT
59,6000,16.0,7,15.75,3,15.5,2,24.0,10,24.25,2,24.5,1,CALL
59,6000,19.25,5,19.0,4,18.75,1,21.25,9,21.5,3,21.75,1,ASSET
59,6000,17.25,9,17.0,6,16.75,2,23.25,10,23.5,2,23.75,1,PUT
60,6100,18.75,9,18.5,2,18.25,2,20.75,8,21.0,1,21.25,0,ASSET
60,6100,17.75,6,17.5,3,17.25,0,21.75,7,22.0,4,22.25,2,PUT
60,6100,18.5,9,18.25,5,18.0,2,22.5,5,22.75,4,23.0,1,CALL
61,6200,15.75,6,15.5,2,15.25,2,23.75,7,24.0,3,24.25,1,PUT
61,6200,18.25,9,18.0,1,17.75,0,24.25,10,24.5,1,24.75,1,CALL
61,6200,16.75,8,16.5,4,16.25,0,22.75,5,23.0,1,23.25,0,ASSET
62,6300,18.5,7,18.25,2,18.0,1,22.5,9,22.75,1,23.0,1,PUT
62,6300,17.0,7,16.75,5,16.5,1,25.0,6,25.25,3,25.5,0,CALL
62,6300,16.5,8,16.25,5,16.0,0,24.5,10,24.75,6,25.0,2,ASSET
63,6400,16.25,6,16.0,3,15.75,2,24.25,5,24.5,6,24.75,0,CALL
63,6400,18.75,7,18.5,2,18.25,2,22.75,5,23.0,2,23.25,2,ASSET
63,6400,19.75,5,19.5,2,19.25,1,21.75,5,22.0,1,22.25,0,PUT
64,6500,19.0,9,18.75,6,18.5,0,23.0,7,23.25,1,23.5,2,ASSET
64,6500,17.0,9,16.75,3,16.5,0,25.0,6,25.25,5,25.5,1,PUT
64,6500,16.5,8,16.25,6,16.0,2,22.5,9,22.75,3,23.0,1,CALL
65,6600,19.75,5,19.5,5,19.25,0,21.75,7,22.0,3,22.25,2,ASSET
65,6600,18.75,7,18.5,5,18.25,1,22.75,5,23.0,1,23.25,2,PUT
65,6600,15.0,9,14.75,2,14.5,0,23.0,9,23.25,3,23.5,0,CALL
66,6700,18.25,6,18.0,4,17.75,0,22.25,8,22.5,5,22.75,0,ASSET
66,6700,19.25,8,19.0,6,18.75,1,21.25,8,21.5,4,21.75,1,PUT
66,6700,16.5,5,16.25,1,16.0,1,22.5,6,22.75,4,23.0,1,CALL
67,6800,17.5,7,17.25,5,17.0,2,23.5,8,23.75,5,24.0,2,PUT
67,6800,17.25,10,17.0,6,16.75,0,21.25,9,21.5,3,21.75,1,CALL
67,6800,16.5,5,16.25,2,16.0,1,24.5,9,24.75,3,25.0,2,ASSET
68,6900,16.75,10,16.5,3,16.25,0,22.75,6,23.0,5,23.25,1,CALL
68,6900,16.75,10,16.5,4,16.25,2,24.75,7,25.0,2,25.25,2,ASSET
68,6900,16.75,6,16.5,1,16.25,0,24.75,6,25.0,5,25.25,0,PUT
69,7000,16.75,9,16.5,2,16.25,1,22.75,8,23.0,1,23.25,0,CALL
69,7000,15.75,8,15.5,1,15.25,1,23.75,7,24.0,4,24.25,1,ASSET
69,7000,16.75,8,16.5,4,16.25,2,22.75,9,23.0,6,23.25,0,PUT
70,7100,18.0,5,17.75,3,17.5,2,22.0,9,22.25,4,22.5,0,CALL
70,7100,17.75,10,17.5,6,17.25,0,19.75,8,20.0,2,20.25,1,ASSET
70,7100,15.75,6,15.5,5,15.25,1,21.75,6,22.0,5,22.25,1,PUT
71,7200,18.25,8,18.0,1,17.75,0,22.25,6,22.5,6,22.75,0,CALL
71,7200,17.0,5,16.75,4,16.5,1,19.0,6,19.25,2,19.5,0,PUT
71,7200,14.0,10,13.75,3,13.5,2,22.0,9,22.25,1,22.5,0,ASSET
72,7300,15.5,7,15.25,1,15.0,0,21.5,8,21.75,3,22.0,0,PUT
72,7300,18.5,8,18.25,4,18.0,1,20.5,10,20.75,6,21.0,2,CALL
72,7300,14.5,5,14.25,5,14.0,1,22.5,5,22.75,1,23.0,1,ASSET
73,7400,16.25,8,16.0,2,15.75,0,20.25,7,20.5,4,20.75,2,PUT
73,7400,17.5,8,17.25,5,17.0,1,23.5,10,23.75,1,24.0,1,CALL
73,7400,14.25,6,14.0,2,13.75,0,22.25,9,22.5,6,22.75,1,ASSET
74,7500,17.25,7,17.0,6,16.75,0,19.25,6,19.5,2,19.75,2,PUT
74,7500,19.25,9,19.0,6,18.75,2,23.25,8,23.5,6,23.75,0,CALL
74,7500,15.25,6,15.0,2,14.75,2,21.25,6,21.5,1,21.75,0,ASSET
75,7600,18.25,6,18.0,3,17.75,2,24.25,5,24.5,6,24.75,0,CALL
75,7600,16.5,7,16.25,5,16.0,2,18.5,6,18.75,2,19.0,1,ASSET
75,7600,14.5,9,14.25,2,14.0,1,20.5,5,20.75,2,21.0,0,PUT
76,7700,16.25,8,16.0,3,15.75,0,18.25,7,18.5,3,18.75,1,ASSET
76,7700,15.25,10,15.0,5,14.75,0,19.25,8,19.5,6,19.75,1,PUT
76,7700,17.75,5,17.5,5,17.25,1,25.75,5,26.0,5,26.25,0,CALL
77,7800,15.75,5,15.5,1,15.25,0,17.75,5,18.0,2,18.25,1,ASSET
77,7800,14.75,6,14.5,3,14.25,0,18.75,6,19.0,1,19.25,0,PUT
77,7800,21.0,6,20.75,4,20.5,2,23.0,6,23.25,1,23.5,2,CALL
78,7900,14.5,5,14.25,3,14.0,1,20.5,7,20.75,2,21.0,2,ASSET
78,7900,15.5,8,15.25,3,15.0,0,19.5,6,19.75,4,20.0,0,PUT
78,7900,20.75,9,20.5,2,20.25,2,22.75,9,23.0,1,23.25,1,CALL
79,8000,17.0,5,16.75,2,16.5,1,19.0,7,19.25,5,19.5,0,PUT
79,8000,17.5,10,17.25,4,17.0,1,25.5,9,25.75,2,26.0,1,CALL
79,8000,16.0,6,15.75,1,15.5,0,20.0,7,20.25,6,20.5,1,ASSET
80,8100,21.0,10,20.75,4,20.5,0,23.0,5,23.25,4,23.5,1,CALL
80,8100,14.5,10,14.25,5,14.0,1,20.5,5,20.75,1,21.0,2,ASSET
80,8100,16.5,6,16.25,4,16.0,1,18.5,5,18.75,3,19.0,1,PUT
81,8200,20.25,5,20.0,1,19.75,2,22.25,7,22.5,5,22.75,0,CALL
81,8200,16.5,5,16.25,6,16.0,1,18.5,6,18.75,2,19.0,2,ASSET
81,8200,14.5,9,14.25,3,14.0,0,20.5,6,20.75,4,21.0,2,PUT
82,8300,19.25,9,19.0,6,18.75,2,23.25,9,23.5,1,23.75,0,CALL
82,8300,13.25,7,13.0,2,12.75,1,21.25,8,21.5,6,21.75,0,ASSET
82,8300,14.25,7,14.0,1,13.75,2,20.25,6,20.5,6,20.75,0,PUT
83,8400,14.0,8,13.75,3,13.5,0,20.0,9,20.25,2,20.5,2,ASSET
83,8400,13.0,7,12.75,3,12.5,1,21.0,8,21.25,3,21.5,2,PUT
83,8400,19.0,5,18.75,1,18.5,1,25.0,10,25.25,6,25.5,2,CALL
84,8500,14.25,9,14.0,1,13.75,2,20.25,9,20.5,3,20.75,2,PUT
84,8500,19.25,7,19.0,2,18.75,0,23.25,10,23.5,2,23.75,2,CALL
84,8500,15.25,10,15.0,6,14.75,2,19.25,9,19.5,1,19.75,0,ASSET
85,8600,15.25,10,15.0,2,14.75,1,19.25,8,19.5,5,19.75,1,PUT
85,8600,18.0,8,17.75,4,17.5,2,22.0,10,22.25,3,22.5,2,CALL
85,8600,16.25,5,16.0,2,15.75,2,18.25,6,18.5,3,18.75,0,ASSET
86,8700,14.0,10,13.75,2,13.5,2,20.0,10,20.25,6,20.5,2,PUT
86,8700,19.5,10,19.25,2,19.0,1,21.5,8,21.75,2,22.0,0,CALL
86,8700,16.0,7,15.75,6,15.5,1,18.0,8,18.25,3,18.5,2,ASSET
87,8800,12.25,10,12.0,3,11.75,1,20.25,9,20.5,4,20.75,0,PUT
87,8800,13.25,9,13.0,4,12.75,2,19.25,9,19.5,3,19.75,0,ASSET
87,8800,16.75,5,16.5,2,16.25,2,24.75,7,25.0,3,25.25,0,CALL
88,8900,12.5,6,12.25,5,12.0,0,18.5,10,18.75,3,19.0,0,ASSET
88,8900,13.5,9,13.25,1,13.0,2,17.5,10,17.75,1,18.0,1,PUT
88,8900,18.75,8,18.5,4,18.25,2,22.75,9,23.0,3,23.25,2,CALL
89,9000,14.0,7,13.75,3,13.5,2,18.0,9,18.25,6,18.5,2,ASSET
89,9000,15.0,7,14.75,2,14.5,2,17.0,8,17.25,3,17.5,1,PUT
89,9000,17.25,5,17.0,6,16.75,0,25.25,9,25.5,4,25.75,2,CALL
90,9100,14.0,7,13.75,6,13.5,0,18.0,9,18.25,4,18.5,0,ASSET
90,9100,15.0,5,14.75,1,14.5,1,17.0,9,17.25,2,17.5,0,PUT
90,9100,16.75,9,16.5,1,16.25,2,24.75,8,25.0,4,25.25,2,CALL
91,9200,12.25,8,12.0,5,11.75,0,20.25,5,20.5,1,20.75,0,PUT
91,9200,18.0,9,17.75,4,17.5,1,24.0,9,24.25,5,24.5,2,CALL
91,9200,13.25,7,13.0,6,12.75,2,19.25,8,19.5,1,19.75,1,ASSET
92,9300,19.25,8,19.0,2,18.75,0,23.25,7,23.5,5,23.75,2,CALL
92,9300,12.5,8,12.25,5,12.0,1,20.5,8,20.75,1,21.0,1,ASSET
92,9300,14.5,8,14.25,2,14.0,0,18.5,5,18.75,3,19.0,1,PUT
93,9400,20.0,10,19.75,6,19.5,2,22.0,10,22.25,5,22.5,2,CALL
93,9400,13.5,6,13.25,5,13.0,0,19.5,7,19.75,2,20.0,1,ASSET
93,9400,14.5,8,14.25,1,14.0,1,18.5,5,18.75,6,19.0,0,PUT
94,9500,20.0,7,19.75,5,19.5,2,22.0,8,22.25,4,22.5,0,CALL
94,9500,12.5,10,12.25,1,12.0,2,18.5,7,18.75,4,19.0,2,PUT
94,9500,11.5,10,11.25,1,11.0,1,19.5,5,19.75,4,20.0,0,ASSET
95,9600,12.5,7,12.25,4,12.0,2,18.5,5,18.75,3,19.0,0,PUT
95,9600,18.75,9,18.5,3,18.25,1,22.75,9,23.0,4,23.25,0,CALL
95,9600,12.5,10,12.25,5,12.0,0,18.5,10,18.75,3,19.0,0,ASSET
96,9700,10.5,5,10.25,3,10.0,2,18.5,7,18.75,3,19.0,2,PUT
96,9700,17.0,9,16.75,6,16.5,2,25.0,6,25.25,2,25.5,1,CALL
96,9700,11.5,6,11.25,2,11.0,2,17.5,8,17.75,1,18.0,2,ASSET
97,9800,11.25,9,11.0,3,10.75,1,17.25,5,17.5,6,17.75,0,PUT
97,9800,20.0,6,19.75,4,19.5,1,22.0,10,22.25,4,22.5,1,CALL
97,9800,13.25,7,13.0,4,12.75,0,15.25,9,15.5,4,15.75,1,ASSET
98,9900,19.0,7,18.75,1,18.5,1,23.0,10,23.25,2,23.5,0,CALL
98,9900,12.25,6,12.0,2,11.75,1,16.25,5,16.5,5,16.75,2,ASSET
98,9900,13.25,5,13.0,1,12.75,1,15.25,7,15.5,3,15.75,0,PUT
99,10000,10.25,10,10.0,4,9.75,2,18.25,9,18.5,4,18.75,0,ASSET
99,10000,12.25,7,12.0,1,11.75,0,16.25,6,16.5,1,16.75,1,PUT
99,10000,18.0,5,17.75,2,17.5,0,26.0,10,26.25,4,26.5,2,CALL
100,10100,11.75,7,11.5,4,11.25,1,15.75,9,16.0,1,16.25,0,ASSET
100,10100,11.75,9,11.5,2,11.25,1,15.75,9,16.0,5,16.25,2,PUT
100,10100,21.5,9,21.25,3,21.0,1,23.5,9,23.75,4,24.0,0,CALL
101,10200,11.5,6,11.25,1,11.0,0,17.5,10,17.75,6,18.0,0,ASSET
101,10200,13.5,9,13.25,1,13.0,0,15.5,7,15.75,6,16.0,2,PUT
101,10200,18.25,7,18.0,1,17.75,2,26.25,7,26.5,6,26.75,2,CALL
102,10300,13.0,10,12.75,5,12.5,1,17.0,7,17.25,3,17.5,1,ASSET
102,10300,18.5,6,18.25,3,18.0,2,26.5,5,26.75,4,27.0,2,CALL
102,10300,14.0,6,13.75,6,13.5,2,16.0,6,16.25,6,16.5,2,PUT
103,10400,19.75,5,19.5,1,19.25,2,25.75,10,26.0,5,26.25,2,CALL
103,10400,13.5,8,13.25,6,13.0,1,17.5,9,17.75,2,18.0,1,ASSET
103,10400,13.5,10,13.25,1,13.0,2,17.5,7,17.75,3,18.0,1,PUT
104,10500,21.25,8,21.0,2,20.75,2,23.25,5,23.5,3,23.75,1,CALL
104,10500,12.5,8,12.25,5,12.0,2,18.5,10,18.75,1,19.0,2,ASSET
104,10500,13.5,5,13.25,5,13.0,2,17.5,9,17.75,2,18.0,0,PUT
105,10600,18.25,9,18.0,4,17.75,2,24.25,8,24.5,2,24.75,0,CALL
105,10600,14.5,8,14.25,5,14.0,2,16.5,8,16.75,6,17.0,0,ASSET
105,10600,12.5,8,12.25,2,12.0,0,18.5,6,18.75,4,19.0,2,PUT
106,10700,12.5,7,12.25,4,12.0,2,18.5,9,18.75,4,19.0,2,ASSET
106,10700,14.5,8,14.25,1,14.0,2,16.5,5,16.75,1,17.0,1,PUT
106,10700,21.0,6,20.75,5,20.5,0,23.0,7,23.25,4,23.5,2,CALL
107,10800,13.25,9,13.0,3,12.75,2,17.25,5,17.5,5,17.75,1,PUT
107,10800,20.0,5,19.75,4,19.5,2,24.0,6,24.25,5,24.5,2,CALL
107,10800,13.25,9,13.0,6,12.75,0,17.25,6,17.5,4,17.75,0,ASSET
108,10900,14.0,5,13.75,2,13.5,1,16.0,10,16.25,4,16.5,0,PUT
108,10900,20.0,9,19.75,5,19.5,1,24.0,9,24.25,6,24.5,0,CALL
108,10900,13.0,9,12.75,1,12.5,0,17.0,6,17.25,6,17.5,2,ASSET
109,11000,11.5,6,11.25,1,11.0,0,17.5,7,17.75,3,18.0,0,PUT
109,11000,18.25,10,18.0,5,17.75,0,26.25,6,26.5,1,26.75,0,CALL
109,11000,12.5,7,12.25,1,12.0,1,16.5,9,16.75,1,17.0,1,ASSET
110,11100,20.0,5,19.75,1,19.5,1,24.0,10,24.25,3,24.5,0,CALL
110,11100,12.25,9,12.0,1,11.75,0,18.25,6,18.5,2,18.75,1,ASSET
110,11100,13.25,5,13.0,2,12.75,1,17.25,8,17.5,4,17.75,2,PUT
111,11200,13.75,8,13.5,5,13.25,2,15.75,5,16.0,6,16.25,0,ASSET
111,11200,13.75,7,13.5,4,13.25,0,15.75,8,16.0,4,16.25,1,PUT
111,11200,18.75,5,18.5,3,18.25,2,26.75,7,27.0,5,27.25,0,CALL
112,11300,11.75,7,11.5,3,11.25,1,17.75,9,18.0,4,18.25,2,ASSET
112,11300,10.75,9,10.5,6,10.25,1,18.75,6,19.0,3,19.25,2,PUT
112,11300,19.5,8,19.25,5,19.0,0,27.5,5,27.75,5,28.0,2,CALL
113,11400,10.75,9,10.5,2,10.25,0,18.75,9,19.0,2,19.25,0,ASSET
113,11400,12.75,10,12.5,5,12.25,1,16.75,8,17.0,5,17.25,1,PUT
113,11400,22.0,7,21.75,5,21.5,2,26.0,7,26.25,1,26.5,1,CALL
114,11500,10.25,5,10.0,1,9.75,0,18.25,9,18.5,2,18.75,2,PUT
114,11500,22.25,6,22.0,2,21.75,2,26.25,6,26.5,6,26.75,2,CALL
114,11500,13.25,7,13.0,4,12.75,0,15.25,8,15.5,6,15.75,2,ASSET
115,11600,21.0,10,20.75,6,20.5,0,27.0,8,27.25,4,27.5,1,CALL
115,11600,10.25,8,10.0,6,9.75,2,18.25,7,18.5,2,18.75,2,ASSET
115,11600,13.25,6,13.0,1,12.75,0,15.25,9,15.5,6,15.75,2,PUT
116,11700,21.5,5,21.25,6,21.0,0,25.5,6,25.75,3,26.0,1,CALL
116,11700,11.5,8,11.25,3,11.0,0,17.5,6,17.75,6,18.0,0,ASSET
116,11700,11.5,5,11.25,5,11.0,2,17.5,10,17.75,3,18.0,0,PUT
117,11800,22.75,6,22.5,6,22.25,2,24.75,10,25.0,6,25.25,0,CALL
117,11800,10.25,8,10.0,4,9.75,2,18.25,8,18.5,1,18.75,1,ASSET
117,11800,11.25,10,11.0,4,10.75,0,17.25,10,17.5,5,17.75,0,PUT
118,11900,21.75,8,21.5,6,21.25,0,25.75,5,26.0,6,26.25,1,CALL
118,11900,9.5,7,9.25,3,9.0,0,17.5,9,17.75,2,18.0,1,PUT
118,11900,9.5,9,9.25,4,9.0,2,17.5,9,17.75,5,18.0,2,ASSET
119,12000,9.75,7,9.5,1,9.25,0,15.75,9,16.0,5,16.25,0,PUT
119,12000,20.5,6,20.25,4,20.0,2,26.5,5,26.75,6,27.0,2,CALL
119,12000,10.75,10,10.5,2,10.25,2,14.75,10,15.0,6,15.25,0,ASSET
120,12100,10.75,7,10.5,1,10.25,1,14.75,8,15.0,4,15.25,2,PUT
120,12100,20.5,6,20.25,5,20.0,2,26.5,10,26.75,4,27.0,2,CALL
120,12100,9.75,5,9.5,6,9.25,0,15.75,6,16.0,3,16.25,1,ASSET
121,12200,9.0,9,8.75,6,8.5,1,15.0,8,15.25,1,15.5,0,PUT
121,12200,21.0,8,20.75,2,20.5,1,27.0,5,27.25,1,27.5,1,CALL
121,12200,11.0,9,10.75,2,10.5,2,13.0,10,13.25,4,13.5,1,ASSET
122,12300,20.25,6,20.0,6,19.75,2,26.25,9,26.5,6,26.75,2,CALL
122,12300,9.75,6,9.5,2,9.25,1,13.75,8,14.0,5,14.25,2,ASSET
122,12300,7.75,7,7.5,1,7.25,1,15.75,5,16.0,2,16.25,0,PUT
123,12400,8.0,5,7.75,2,7.5,0,14.0,7,14.25,3,14.5,2,ASSET
123,12400,10.0,9,9.75,5,9.5,0,12.0,7,12.25,4,12.5,0,PUT
123,12400,22.75,10,22.5,6,22.25,2,24.75,5,25.0,1,25.25,1,CALL
124,12500,8.25,7,8.0,5,7.75,0,14.25,8,14.5,1,14.75,0,ASSET
124,12500,10.25,7,10.0,6,9.75,2,12.25,10,12.5,6,12.75,2,PUT
124,12500,20.5,8,20.25,1,20.0,1,28.5,7,28.75,6,29.0,2,CALL
125,12600,10.5,6,10.25,1,10.0,1,12.5,10,12.75,1,13.0,0,ASSET
125,12600,22.25,10,22.0,3,21.75,1,26.25,9,26.5,6,26.75,1,CALL
125,12600,9.5,8,9.25,4,9.0,0,13.5,8,13.75,5,14.0,1,PUT
126,12700,20.25,10,20.0,2,19.75,0,28.25,5,28.5,5,28.75,2,CALL
126,12700,8.0,6,7.75,1,7.5,1,16.0,6,16.25,4,16.5,0,ASSET
126,12700,10.0,6,9.75,4,9.5,0,14.0,6,14.25,4,14.5,1,PUT
127,12800,20.25,7,20.0,1,19.75,0,28.25,5,28.5,3,28.75,2,CALL
127,12800,8.75,9,8.5,5,8.25,2,14.75,7,15.0,4,15.25,2,ASSET
127,12800,10.75,5,10.5,3,10.25,1,12.75,9,13.0,1,13.25,2,PUT
128,12900,23.5,7,23.25,5,23.0,0,27.5,9,27.75,6,28.0,1,CALL
128,12900,8.75,10,8.5,4,8.25,2,14.75,8,15.0,5,15.25,0,ASSET
128,12900,10.75,7,10.5,3,10.25,1,12.75,5,13.0,5,13.25,1,PUT
129,13000,8.5,10,8.25,6,8.0,1,14.5,10,14.75,5,15.0,1,ASSET
129,13000,10.5,9,10.25,1,10.0,1,12.5,10,12.75,2,13.0,1,PUT
129,13000,23.0,6,22.75,4,22.5,0,27.0,8,27.25,4,27.5,2,CALL
130,13100,7.75,5,7.5,6,7.25,2,15.75,6,16.0,1,16.25,1,PUT
130,13100,23.75,10,23.5,6,23.25,1,25.75,5,26.0,3,26.25,0,CALL
130,13100,7.75,10,7.5,4,7.25,1,15.75,9,16.0,3,16.25,1,ASSET
131,13200,10.0,5,9.75,2,9.5,0,14.0,5,14.25,3,14.5,1,PUT
131,13200,20.75,8,20.5,4,20.25,2,26.75,5,27.0,4,27.25,2,CALL
131,13200,11.0,9,10.75,6,10.5,1,13.0,6,13.25,6,13.5,0,ASSET
132,13300,11.25,5,11.0,2,10.75,2,13.25,10,13.5,5,13.75,0,PUT
132,13300,22.75,7,22.5,2,22.25,2,24.75,7,25.0,1,25.25,1,CALL
132,13300,8.25,5,8.0,5,7.75,1,16.25,5,16.5,2,16.75,1,ASSET
133,13400,10.25,9,10.0,6,9.75,1,14.25,6,14.5,3,14.75,1,PUT
133,13400,11.25,7,11.0,4,10.75,0,13.25,6,13.5,4,13.75,0,ASSET
133,13400,21.75,9,21.5,3,21.25,0,23.75,8,24.0,3,24.25,2,CALL
134,13500,8.25,8,8.0,6,7.75,0,16.25,8,16.5,2,16.75,1,ASSET
134,13500,11.25,5,11.0,3,10.75,0,13.25,8,13.5,2,13.75,0,PUT
134,13500,20.0,5,19.75,5,19.5,1,26.0,8,26.25,3,26.5,0,CALL
135,13600,7.5,9,7.25,5,7.0,0,15.5,8,15.75,4,16.0,2,ASSET
135,13600,8.5,7,8.25,3,8.0,0,14.5,10,14.75,3,15.0,2,PUT
135,13600,20.75,6,20.5,2,20.25,1,26.75,9,27.0,3,27.25,0,CALL
136,13700,8.75,7,8.5,5,8.25,1,14.75,10,15.0,2,15.25,0,ASSET
136,13700,10.75,5,10.5,1,10.25,1,12.75,6,13.0,6,13.25,0,PUT
136,13700,23.75,6,23.5,5,23.25,2,25.75,6,26.0,6,26.25,2,CALL
137,13800,10.5,5,10.25,2,10.0,2,14.5,9,14.75,1,15.0,1,PUT
137,13800,22.5,9,22.25,6,22.0,0,26.5,8,26.75,5,27.0,2,CALL
137,13800,10.5,9,10.25,5,10.0,2,14.5,8,14.75,3,15.0,0,ASSET
138,13900,21.75,10,21.5,5,21.25,2,25.75,5,26.0,1,26.25,1,CALL
138,13900,9.0,10,8.75,1,8.5,2,17.0,5,17.25,5,17.5,0,ASSET
138,13900,11.0,10,10.75,4,10.5,0,15.0,9,15.25,5,15.5,1,PUT
139,14000,21.25,9,21.0,6,20.75,0,27.25,8,27.5,6,27.75,2,CALL
139,14000,9.0,9,8.75,5,8.5,0,17.0,9,17.25,1,17.5,2,ASSET
139,14000,12.0,8,11.75,1,11.5,2,14.0,8,14.25,1,14.5,1,PUT
140,14100,21.0,9,20.75,4,20.5,0,29.0,10,29.25,2,29.5,2,CALL
140,14100,9.5,8,9.25,2,9.0,2,15.5,6,15.75,3,16.0,1,ASSET
140,14100,10.5,9,10.25,4,10.0,1,14.5,7,14.75,1,15.0,0,PUT
141,14200,9.25,5,9.0,5,8.75,0,15.25,10,15.5,5,15.75,2,ASSET
141,14200,8.25,7,8.0,5,7.75,1,16.25,10,16.5,4,16.75,2,PUT
141,14200,23.75,7,23.5,4,23.25,2,27.75,9,28.0,3,28.25,2,CALL
142,14300,8.5,5,8.25,3,8.0,1,16.5,7,16.75,6,17.0,0,PUT
142,14300,23.5,7,23.25,6,23.0,1,29.5,10,29.75,5,30.0,2,CALL
142,14300,8.5,7,8.25,3,8.0,1,16.5,7,16.75,3,17.0,1,ASSET
143,14400,9.5,5,9.25,6,9.0,1,15.5,5,15.75,5,16.0,2,PUT
143,14400,25.25,9,25.0,5,24.75,0,27.25,8,27.5,5,27.75,0,CALL
143,14400,11.5,9,11.25,1,11.0,1,13.5,7,13.75,1,14.0,0,ASSET
144,14500,11.5,10,11.25,5,11.0,2,13.5,6,13.75,4,14.0,2,PUT
144,14500,23.0,8,22.75,4,22.5,2,29.0,8,29.25,3,29.5,0,CALL
144,14500,10.5,8,10.25,5,10.0,0,14.5,10,14.75,2,15.0,2,ASSET
145,14600,24.75,10,24.5,1,24.25,0,28.75,9,29.0,6,29.25,0,CALL
145,14600,11.0,5,10.75,3,10.5,2,13.0,10,13.25,4,13.5,2,ASSET
145,14600,11.0,6,10.75,3,10.5,2,13.0,5,13.25,5,13.5,0,PUT
146,14700,9.25,8,9.0,3,8.75,1,15.25,6,15.5,3,15.75,0,ASSET
146,14700,10.25,9,10.0,4,9.75,1,14.25,6,14.5,4,14.75,1,PUT
146,14700,26.0,8,25.75,1,25.5,2,28.0,8,28.25,6,28.5,0,CALL
147,14800,10.5,6,10.25,2,10.0,2,14.5,8,14.75,1,15.0,1,ASSET
147,14800,11.5,9,11.25,6,11.0,2,13.5,5,13.75,4,14.0,2,PUT
147,14800,24.0,7,23.75,3,23.5,0,28.0,5,28.25,3,28.5,2,CALL
148,14900,8.5,8,8.25,5,8.0,0,16.5,5,16.75,6,17.0,0,ASSET
148,14900,10.5,7,10.25,1,10.0,1,14.5,8,14.75,6,15.0,0,PUT
148,14900,24.25,5,24.0,4,23.75,2,26.25,8,26.5,1,26.75,0,CALL
149,15000,9.25,10,9.0,2,8.75,1,15.25,8,15.5,1,15.75,0,ASSET
149,15000,22.0,9,21.75,1,21.5,0,28.0,5,28.25,3,28.5,2,CALL
149,15000,10.25,5,10.0,2,9.75,1,14.25,10,14.5,4,14.75,2,PUT
150,15100,22.75,8,22.5,2,22.25,0,26.75,6,27.0,1,27.25,2,CALL
150,15100,8.5,10,8.25,4,8.0,0,16.5,5,16.75,2,17.0,2,ASSET
150,15100,9.5,6,9.25,3,9.0,0,15.5,8,15.75,4,16.0,1,PUT
151,15200,21.75,10,21.5,5,21.25,1,27.75,8,28.0,1,28.25,2,CALL
151,15200,8.5,5,8.25,1,8.0,0,16.5,7,16.75,1,17.0,0,ASSET
151,15200,10.5,8,10.25,5,10.0,1,14.5,5,14.75,6,15.0,2,PUT
152,15300,21.75,7,21.5,5,21.25,2,25.75,6,26.0,4,26.25,1,CALL
152,15300,10.5,9,10.25,4,10.0,0,14.5,8,14.75,5,15.0,2,ASSET
152,15300,8.5,8,8.25,2,8.0,0,16.5,6,16.75,5,17.0,0,PUT
153,15400,8.75,8,8.5,6,8.25,1,16.75,7,17.0,2,17.25,2,ASSET
153,15400,8.75,6,8.5,3,8.25,0,16.75,7,17.0,1,17.25,2,PUT
153,15400,21.25,10,21.0,4,20.75,1,27.25,5,27.5,4,27.75,2,CALL
154,15500,8.75,6,8.5,2,8.25,2,16.75,7,17.0,1,17.25,1,PUT
154,15500,21.25,9,21.0,2,20.75,0,25.25,5,25.5,4,25.75,0,CALL
154,15500,9.75,7,9.5,6,9.25,2,15.75,7,16.0,5,16.25,2,ASSET
155,15600,9.25,7,9.0,5,8.75,1,15.25,8,15.5,3,15.75,2,PUT
155,15600,22.75,7,22.5,4,22.25,1,24.75,9,25.0,2,25.25,2,CALL
155,15600,11.25,5,11.0,3,10.75,1,13.25,9,13.5,5,13.75,0,ASSET
156,15700,8.25,10,8.0,6,7.75,2,16.25,10,16.5,4,16.75,2,PUT
156,15700,20.25,9,20.0,3,19.75,0,26.25,8,26.5,5,26.75,1,CALL
156,15700,11.25,9,11.0,5,10.75,1,13.25,9,13.5,4,13.75,2,ASSET
157,15800,9.5,5,9.25,4,9.0,0,15.5,6,15.75,5,16.0,2,PUT
157,15800,9.5,8,9.25,6,9.0,0,15.5,8,15.75,5,16.0,0,ASSET
157,15800,21.5,7,21.25,5,21.0,0,25.5,9,25.75,4,26.0,1,CALL
158,15900,8.25,6,8.0,1,7.75,2,16.25,5,16.5,1,16.75,0,ASSET
158,15900,10.25,7,10.0,5,9.75,2,14.25,8,14.5,3,14.75,1,PUT
158,15900,19.0,8,18.75,3,18.5,2,27.0,8,27.25,4,27.5,1,CALL
159,16000,10.75,8,10.5,6,10.25,2,14.75,10,15.0,1,15.25,2,ASSET
159,16000,10.75,8,10.5,5,10.25,1,14.75,5,15.0,2,15.25,1,PUT
159,16000,22.25,5,22.0,4,21.75,1,24.25,8,24.5,4,24.75,0,CALL
160,16100,11.25,7,11.0,3,10.75,1,13.25,9,13.5,4,13.75,0,ASSET
160,16100,9.25,6,9.0,6,8.75,0,15.25,9,15.5,6,15.75,2,PUT
160,16100,22.25,9,22.0,3,21.75,2,24.25,9,24.5,5,24.75,0,CALL
161,16200,9.5,5,9.25,1,9.0,1,15.5,9,15.75,3,16.0,1,PUT
161,16200,20.0,8,19.75,5,19.5,1,28.0,9,28.25,1,28.5,0,CALL
161,16200,8.5,9,8.25,5,8.0,1,16.5,9,16.75,3,17.0,0,ASSET
162,16300,22.75,6,22.5,4,22.25,0,24.75,10,25.0,3,25.25,0,CALL
162,16300,11.0,8,10.75,2,10.5,1,15.0,5,15.25,4,15.5,1,ASSET
162,16300,10.0,7,9.75,2,9.5,1,16.0,8,16.25,3,16.5,2,PUT
163,16400,20.25,6,20.0,5,19.75,1,28.25,10,28.5,4,28.75,1,CALL
163,16400,11.0,6,10.75,1,10.5,1,15.0,9,15.25,3,15.5,0,ASSET
163,16400,10.0,7,9.75,5,9.5,2,16.0,7,16.25,6,16.5,2,PUT
164,16500,21.0,7,20.75,3,20.5,2,25.0,10,25.25,3,25.5,0,CALL
164,16500,10.0,9,9.75,1,9.5,1,16.0,5,16.25,5,16.5,2,ASSET
164,16500,10.0,8,9.75,4,9.5,2,16.0,10,16.25,6,16.5,1,PUT
165,16600,22.5,7,22.25,5,22.0,2,24.5,9,24.75,5,25.0,0,CALL
165,16600,9.25,9,9.0,6,8.75,0,17.25,6,17.5,6,17.75,2,PUT
165,16600,12.25,7,12.0,2,11.75,1,14.25,9,14.5,6,14.75,2,ASSET
166,16700,12.75,9,12.5,6,12.25,0,14.75,8,15.0,5,15.25,1,PUT
166,16700,19.75,6,19.5,5,19.25,1,27.75,6,28.0,5,28.25,1,CALL
166,16700,12.75,6,12.5,3,12.25,1,14.75,9,15.0,5,15.25,2,ASSET
167,16800,9.5,8,9.25,6,9.0,2,17.5,9,17.75,6,18.0,0,PUT
167,16800,19.75,9,19.5,6,19.25,1,27.75,10,28.0,4,28.25,1,CALL
167,16800,11.5,10,11.25,3,11.0,1,15.5,6,15.75,1,16.0,2,ASSET
168,16900,9.75,6,9.5,5,9.25,0,17.75,5,18.0,5,18.25,2,PUT
168,16900,22.25,7,22.0,1,21.75,1,26.25,8,26.5,3,26.75,2,CALL
168,16900,12.75,7,12.5,4,12.25,1,14.75,6,15.0,2,15.25,1,ASSET
169,17000,20.75,9,20.5,4,20.25,1,28.75,6,29.0,2,29.25,2,CALL
169,17000,11.5,6,11.25,3,11.0,0,15.5,9,15.75,3,16.0,1,ASSET
169,17000,11.5,6,11.25,4,11.0,2,15.5,6,15.75,2,16.0,0,PUT
170,17100,12.0,8,11.75,1,11.5,1,14.0,10,14.25,2,14.5,1,ASSET
170,17100,10.0,7,9.75,6,9.5,0,16.0,6,16.25,2,16.5,0,PUT
170,17100,22.0,7,21.75,6,21.5,0,28.0,5,28.25,5,28.5,0,CALL
171,17200,9.75,6,9.5,2,9.25,2,15.75,7,16.0,5,16.25,0,ASSET
171,17200,10.75,5,10.5,2,10.25,1,14.75,5,15.0,1,15.25,1,PUT
171,17200,20.5,9,20.25,5,20.0,0,28.5,8,28.75,2,29.0,2,CALL
172,17300,11.0,6,10.75,5,10.5,1,15.0,5,15.25,5,15.5,1,ASSET
172,17300,9.0,8,8.75,4,8.5,2,17.0,5,17.25,3,17.5,2,PUT
172,17300,24.25,10,24.0,5,23.75,2,26.25,7,26.5,1,26.75,2,CALL
173,17400,10.25,7,10.0,6,9.75,1,16.25,5,16.5,5,16.75,1,PUT
173,17400,24.25,7,24.0,1,23.75,0,26.25,9,26.5,5,26.75,1,CALL
173,17400,9.25,10,9.0,5,8.75,1,17.25,8,17.5,1,17.75,1,ASSET
174,17500,21.25,9,21.0,2,20.75,1,27.25,10,27.5,5,27.75,1,CALL
174,17500,10.5,7,10.25,5,10.0,0,16.5,5,16.75,5,17.0,0,ASSET
174,17500,10.5,6,10.25,2,10.0,1,16.5,5,16.75,6,17.0,0,PUT
175,17600,20.25,7,20.0,6,19.75,1,28.25,6,28.5,1,28.75,1,CALL
175,17600,10.0,9,9.75,5,9.5,2,18.0,7,18.25,2,18.5,2,ASSET
175,17600,10.0,5,9.75,6,9.5,2,18.0,7,18.25,6,18.5,0,PUT
176,17700,21.75,7,21.5,4,21.25,0,27.75,6,28.0,1,28.25,2,CALL
176,17700,11.5,7,11.25,2,11.0,2,15.5,9,15.75,6,16.0,1,ASSET
176,17700,10.5,7,10.25,5,10.0,2,16.5,6,16.75,1,17.0,1,PUT
177,17800,12.25,6,12.0,3,11.75,1,14.25,5,14.5,4,14.75,0,ASSET
177,17800,11.25,9,11.0,3,10.75,0,15.25,10,15.5,6,15.75,0,PUT
177,17800,21.5,9,21.25,4,21.0,1,29.5,5,29.75,1,30.0,0,CALL
178,17900,13.0,6,12.75,3,12.5,1,15.0,6,15.25,4,15.5,2,PUT
178,17900,24.5,7,24.25,5,24.0,2,26.5,8,26.75,6,27.0,1,CALL
178,17900,10.0,10,9.75,3,9.5,2,18.0,10,18.25,1,18.5,2,ASSET
179,18000,10.0,9,9.75,6,9.5,1,18.0,8,18.25,2,18.5,1,PUT
179,18000,24.5,8,24.25,1,24.0,1,26.5,7,26.75,6,27.0,0,CALL
179,18000,12.0,6,11.75,3,11.5,2,16.0,9,16.25,2,16.5,0,ASSET
180,18100,12.25,8,12.0,5,11.75,0,16.25,9,16.5,5,16.75,1,PUT
180,18100,23.5,8,23.25,4,23.0,1,27.5,5,27.75,6,28.0,2,CALL
180,18100,10.25,8,10.0,1,9.75,0,18.25,9,18.5,5,18.75,2,ASSET
181,18200,12.75,8,12.5,3,12.25,1,16.75,8,17.0,2,17.25,1,PUT
181,18200,11.75,7,11.5,6,11.25,1,17.75,10,18.0,3,18.25,1,ASSET
181,18200,24.0,9,23.75,4,23.5,1,26.0,6,26.25,4,26.5,2,CALL
182,18300,13.75,8,13.5,4,13.25,1,15.75,5,16.0,3,16.25,2,ASSET
182,18300,10.75,10,10.5,1,10.25,0,18.75,8,19.0,5,19.25,0,PUT
182,18300,22.0,10,21.75,5,21.5,0,30.0,10,30.25,4,30.5,1,CALL
183,18400,12.25,7,12.0,5,11.75,2,18.25,7,18.5,4,18.75,1,ASSET
183,18400,14.25,6,14.0,4,13.75,1,16.25,8,16.5,2,16.75,1,PUT
183,18400,24.5,6,24.25,4,24.0,0,26.5,6,26.75,1,27.0,0,CALL
184,18500,13.25,9,13.0,5,12.75,0,17.25,9,17.5,3,17.75,1,ASSET
184,18500,11.25,8,11.0,2,10.75,1,19.25,5,19.5,3,19.75,1,PUT
184,18500,23.0,7,22.75,1,22.5,1,29.0,7,29.25,1,29.5,0,CALL
185,18600,12.0,5,11.75,1,11.5,2,20.0,9,20.25,6,20.5,2,PUT
185,18600,21.75,7,21.5,2,21.25,2,29.75,10,30.0,1,30.25,1,CALL
185,18600,12.0,10,11.75,6,11.5,1,20.0,9,20.25,1,20.5,2,ASSET
186,18700,25.25,10,25.0,4,24.75,1,27.25,7,27.5,1,27.75,0,CALL
186,18700,13.75,8,13.5,1,13.25,0,17.75,9,18.0,2,18.25,0,ASSET
186,18700,14.75,10,14.5,5,14.25,0,16.75,7,17.0,6,17.25,0,PUT
187,18800,24.5,8,24.25,4,24.0,2,28.5,5,28.75,6,29.0,0,CALL
187,18800,11.25,9,11.0,6,10.75,1,19.25,9,19.5,4,19.75,2,ASSET
187,18800,13.25,6,13.0,6,12.75,0,17.25,8,17.5,1,17.75,2,PUT
188,18900,13.25,6,13.0,3,12.75,1,17.25,9,17.5,2,17.75,2,ASSET
188,18900,13.25,9,13.0,2,12.75,0,17.25,10,17.5,5,17.75,2,PUT
188,18900,24.25,6,24.0,4,23.75,2,28.25,5,28.5,2,28.75,0,CALL
189,19000,13.0,8,12.75,3,12.5,0,17.0,6,17.25,3,17.5,2,PUT
189,19000,24.25,10,24.0,6,23.75,0,26.25,7,26.5,3,26.75,1,CALL
189,19000,12.0,7,11.75,2,11.5,1,18.0,9,18.25,6,18.5,2,ASSET
190,19100,11.0,5,10.75,2,10.5,1,19.0,9,19.25,1,19.5,1,PUT
190,19100,23.0,8,22.75,6,22.5,1,29.0,5,29.25,6,29.5,0,CALL
190,19100,14.0,7,13.75,5,13.5,2,16.0,9,16.25,4,16.5,2,ASSET
191,19200,14.25,5,14.0,2,13.75,0,16.25,7,16.5,4,16.75,1,PUT
191,19200,24.75,6,24.5,3,24.25,0,28.75,5,29.0,3,29.25,1,CALL
191,19200,12.25,6,12.0,4,11.75,1,18.25,9,18.5,6,18.75,1,ASSET
192,19300,23.75,5,23.5,2,23.25,2,29.75,6,30.0,1,30.25,1,CALL
192,19300,13.5,10,13.25,1,13.0,2,17.5,5,17.75,5,18.0,2,ASSET
192,19300,14.5,8,14.25,4,14.0,2,16.5,7,16.75,6,17.0,2,PUT
193,19400,12.0,8,11.75,2,11.5,0,18.0,9,18.25,5,18.5,1,ASSET
193,19400,13.0,6,12.75,3,12.5,0,17.0,7,17.25,3,17.5,2,PUT
193,19400,24.0,7,23.75,6,23.5,0,28.0,8,28.25,1,28.5,0,CALL
194,19500,12.0,8,11.75,5,11.5,1,18.0,7,18.25,6,18.5,0,ASSET
194,19500,12.0,10,11.75,6,11.5,2,18.0,7,18.25,2,18.5,1,PUT
194,19500,26.0,8,25.75,6,25.5,1,28.0,6,28.25,6,28.5,0,CALL
195,19600,11.75,7,11.5,6,11.25,2,17.75,9,18.0,4,18.25,1,ASSET
195,19600,13.75,10,13.5,1,13.25,0,15.75,9,16.0,2,16.25,0,PUT
195,19600,25.0,5,24.75,5,24.5,1,31.0,5,31.25,6,31.5,0,CALL
196,19700,13.0,8,12.75,1,12.5,2,17.0,8,17.25,2,17.5,2,ASSET
196,19700,24.5,8,24.25,1,24.0,2,32.5,5,32.75,2,33.0,2,CALL
196,19700,14.0,8,13.75,2,13.5,2,16.0,10,16.25,6,16.5,1,PUT
197,19800,23.75,10,23.5,3,23.25,1,31.75,10,32.0,1,32.25,2,CALL
197,19800,13.0,10,12.75,1,12.5,1,17.0,10,17.25,4,17.5,1,ASSET
197,19800,13.0,5,12.75,1,12.5,2,17.0,5,17.25,3,17.5,1,PUT
198,19900,26.5,5,26.25,1,26.0,1,30.5,8,30.75,3,31.0,2,CALL
198,19900,12.0,10,11.75,4,11.5,1,18.0,8,18.25,2,18.5,1,ASSET
198,19900,12.0,9,11.75,5,11.5,2,18.0,8,18.25,3,18.5,2,PUT
199,20000,28.25,5,28.0,1,27.75,2,30.25,5,30.5,1,30.75,0,CALL
199,20000,12.75,7,12.5,2,12.25,2,16.75,9,17.0,5,17.25,1,ASSET
199,20000,12.75,9,12.5,1,12.25,2,16.75,8,17.0,6,17.25,0,PUT
200,20100,11.0,6,10.75,6,10.5,1,19.0,5,19.25,3,19.5,2,ASSET
200,20100,11.0,9,10.75,3,10.5,2,19.0,8,19.25,2,19.5,1,PUT
200,20100,27.0,8,26.75,1,26.5,2,31.0,6,31.25,6,31.5,0,CALL
201,20200,14.0,8,13.75,2,13.5,1,16.0,6,16.25,3,16.5,1,PUT
201,20200,25.75,6,25.5,2,25.25,0,33.75,10,34.0,4,34.25,0,CALL
201,20200,13.0,10,12.75,3,12.5,1,17.0,10,17.25,5,17.5,2,ASSET
202,20300,12.75,5,12.5,5,12.25,1,16.75,7,17.0,6,17.25,0,PUT
202,20300,25.0,9,24.75,1,24.5,2,33.0,8,33.25,5,33.5,1,CALL
202,20300,10.75,9,10.5,1,10.25,0,18.75,6,19.0,3,19.25,1,ASSET
203,20400,11.5,9,11.25,1,11.0,2,17.5,10,17.75,2,18.0,1,PUT
203,20400,25.75,8,25.5,2,25.25,2,33.75,7,34.0,4,34.25,0,CALL
203,20400,10.5,5,10.25,4,10.0,1,18.5,6,18.75,3,19.0,0,ASSET
204,20500,27.25,7,27.0,5,26.75,2,31.25,7,31.5,3,31.75,1,CALL
204,20500,10.5,7,10.25,5,10.0,1,18.5,7,18.75,4,19.0,2,ASSET
204,20500,13.5,8,13.25,1,13.0,1,15.5,7,15.75,2,16.0,2,PUT
205,20600,11.75,6,11.5,2,11.25,1,15.75,7,16.0,4,16.25,0,ASSET
205,20600,12.75,8,12.5,1,12.25,0,14.75,6,15.0,1,15.25,2,PUT
205,20600,26.0,6,25.75,6,25.5,1,32.0,6,32.25,4,32.5,0,CALL
206,20700,13.25,10,13.0,6,12.75,2,15.25,7,15.5,3,15.75,2,ASSET
206,20700,12.25,6,12.0,4,11.75,0,16.25,7,16.5,1,16.75,0,PUT
206,20700,25.25,8,25.0,4,24.75,1,33.25,8,33.5,2,33.75,0,CALL
207,20800,10.75,7,10.5,3,10.25,1,16.75,9,17.0,6,17.25,0,ASSET
207,20800,9.75,9,9.5,5,9.25,1,17.75,6,18.0,1,18.25,1,PUT
207,20800,28.5,6,28.25,2,28.0,2,30.5,8,30.75,4,31.0,2,CALL
208,20900,13.25,10,13.0,5,12.75,0,15.25,8,15.5,5,15.75,2,PUT
208,20900,28.25,8,28.0,6,27.75,2,30.25,8,30.5,6,30.75,2,CALL
208,20900,12.25,7,12.0,4,11.75,2,16.25,6,16.5,3,16.75,2,ASSET
209,21000,26.25,8,26.0,2,25.75,2,34.25,6,34.5,4,34.75,0,CALL
209,21000,12.25,6,12.0,1,11.75,1,16.25,8,16.5,5,16.75,1,ASSET
209,21000,13.25,10,13.0,1,12.75,1,15.25,5,15.5,5,15.75,1,PUT
210,21100,25.75,5,25.5,4,25.25,2,33.75,5,34.0,1,34.25,2,CALL
210,21100,11.0,5,10.75,2,10.5,0,17.0,10,17.25,1,17.5,1,ASSET
210,21100,10.0,6,9.75,4,9.5,2,18.0,7,18.25,3,18.5,1,PUT
211,21200,25.0,10,24.75,4,24.5,1,33.0,9,33.25,2,33.5,0,CALL
211,21200,9.75,5,9.5,3,9.25,1,17.75,9,18.0,5,18.25,2,ASSET
211,21200,10.75,8,10.5,5,10.25,1,16.75,5,17.0,3,17.25,1,PUT
212,21300,28.25,9,28.0,3,27.75,1,30.25,6,30.5,3,30.75,2,CALL
212,21300,10.25,10,10.0,6,9.75,0,18.25,8,18.5,5,18.75,1,PUT
212,21300,10.25,9,10.0,5,9.75,1,18.25,7,18.5,3,18.75,0,ASSET
213,21400,12.75,5,12.5,5,12.25,2,16.75,10,17.0,2,17.25,0,PUT
213,21400,28.0,7,27.75,6,27.5,0,30.0,6,30.25,3,30.5,1,CALL
213,21400,12.75,7,12.5,4,12.25,2,16.75,10,17.0,2,17.25,2,ASSET
214,21500,13.0,6,12.75,1,12.5,2,17.0,6,17.25,6,17.5,0,PUT
214,21500,26.5,7,26.25,4,26.0,2,32.5,7,32.75,1,33.0,0,CALL
214,21500,13.0,8,12.75,5,12.5,2,17.0,10,17.25,2,17.5,0,ASSET
215,21600,13.5,9,13.25,2,13.0,1,15.5,7,15.75,2,16.0,0,PUT
215,21600,26.25,10,26.0,1,25.75,2,34.25,5,34.5,3,34.75,1,CALL
215,21600,12.5,7,12.25,1,12.0,2,16.5,9,16.75,4,17.0,2,ASSET
216,21700,28.75,8,28.5,1,28.25,0,30.75,5,31.0,3,31.25,0,CALL
216,21700,10.5,10,10.25,3,10.0,0,18.5,7,18.75,4,19.0,0,ASSET
216,21700,13.5,9,13.25,5,13.0,2,15.5,7,15.75,2,16.0,2,PUT
217,21800,11.75,9,11.5,3,11.25,1,17.75,7,18.0,5,18.25,2,ASSET
217,21800,10.75,6,10.5,3,10.25,2,18.75,6,19.0,5,19.25,1,PUT
217,21800,29.0,8,28.75,1,28.5,0,31.0,8,31.25,3,31.5,0,CALL
218,21900,12.0,7,11.75,3,11.5,0,18.0,9,18.25,1,18.5,2,ASSET
218,21900,14.0,6,13.75,3,13.5,1,16.0,10,16.25,2,16.5,1,PUT
218,21900,29.5,6,29.25,1,29.0,0,31.5,6,31.75,1,32.0,2,CALL
219,22000,11.0,6,10.75,4,10.5,1,19.0,6,19.25,6,19.5,1,ASSET
219,22000,29.0,10,28.75,1,28.5,2,33.0,7,33.25,1,33.5,0,CALL
219,22000,13.0,6,12.75,6,12.5,2,17.0,10,17.25,2,17.5,0,PUT
220,22100,29.5,8,29.25,5,29.0,1,31.5,6,31.75,2,32.0,1,CALL
220,22100,13.75,9,13.5,3,13.25,0,15.75,5,16.0,2,16.25,1,ASSET
220,22100,13.75,10,13.5,1,13.25,2,15.75,5,16.0,6,16.25,0,PUT
221,22200,29.0,8,28.75,2,28.5,2,31.0,6,31.25,6,31.5,2,CALL
221,22200,11.5,5,11.25,4,11.0,1,17.5,5,17.75,5,18.0,0,ASSET
221,22200,13.5,6,13.25,4,13.0,2,15.5,5,15.75,5,16.0,1,PUT
222,22300,24.75,10,24.5,6,24.25,2,32.75,6,33.0,4,33.25,1,CALL
222,22300,12.75,9,12.5,1,12.25,2,16.75,5,17.0,1,17.25,1,ASSET
222,22300,12.75,10,12.5,2,12.25,0,16.75,9,17.0,5,17.25,1,PUT
223,22400,13.75,6,13.5,6,13.25,2,15.75,9,16.0,2,16.25,0,ASSET
223,22400,11.75,5,11.5,1,11.25,1,17.75,9,18.0,4,18.25,2,PUT
223,22400,26.25,10,26.0,1,25.75,0,32.25,7,32.5,2,32.75,1,CALL
224,22500,13.75,5,13.5,6,13.25,2,15.75,10,16.0,3,16.25,0,PUT
224,22500,26.25,9,26.0,4,25.75,1,32.25,9,32.5,2,32.75,1,CALL
224,22500,13.75,5,13.5,5,13.25,2,15.75,7,16.0,1,16.25,1,ASSET
225,22600,10.75,10,10.5,3,10.25,0,18.75,7,19.0,6,19.25,1,PUT
225,22600,24.25,9,24.0,2,23.75,2,32.25,7,32.5,1,32.75,1,CALL
225,22600,10.75,9,10.5,6,10.25,2,18.75,6,19.0,1,19.25,0,ASSET
226,22700,12.75,10,12.5,1,12.25,2,14.75,10,15.0,2,15.25,0,PUT
226,22700,24.5,7,24.25,3,24.0,0,32.5,8,32.75,4,33.0,2,CALL
226,22700,12.75,9,12.5,3,12.25,0,14.75,10,15.0,2,15.25,1,ASSET
227,22800,10.25,7,10.0,6,9.75,1,18.25,10,18.5,5,18.75,0,PUT
227,22800,11.25,5,11.0,6,10.75,0,17.25,10,17.5,4,17.75,1,ASSET
227,22800,25.0,9,24.75,1,24.5,2,31.0,5,31.25,1,31.5,1,CALL
228,22900,13.5,10,13.25,1,13.0,0,15.5,6,15.75,4,16.0,0,ASSET
228,22900,10.5,8,10.25,1,10.0,0,18.5,9,18.75,5,19.0,2,PUT
228,22900,24.25,7,24.0,1,23.75,1,32.25,10,32.5,2,32.75,1,CALL
229,23000,13.0,8,12.75,3,12.5,2,15.0,6,15.25,6,15.5,2,ASSET
229,23000,10.0,8,9.75,5,9.5,2,18.0,8,18.25,1,18.5,2,PUT
229,23000,25.0,6,24.75,4,24.5,2,31.0,7,31.25,1,31.5,0,CALL
230,23100,10.0,6,9.75,1,9.5,0,18.0,8,18.25,1,18.5,2,ASSET
230,23100,11.0,10,10.75,4,10.5,1,17.0,9,17.25,5,17.5,2,PUT
230,23100,26.25,9,26.0,3,25.75,2,28.25,5,28.5,6,28.75,1,CALL
231,23200,11.0,9,10.75,4,10.5,0,17.0,8,17.25,5,17.5,1,PUT
231,23200,22.5,7,22.25,1,22.0,1,30.5,10,30.75,4,31.0,1,CALL
231,23200,10.0,6,9.75,6,9.5,1,18.0,5,18.25,2,18.5,1,ASSET
232,23300,24.5,7,24.25,4,24.0,0,28.5,5,28.75,2,29.0,2,CALL
232,23300,11.25,9,11.0,1,10.75,2,17.25,8,17.5,1,17.75,1,ASSET
232,23300,10.25,7,10.0,2,9.75,2,18.25,7,18.5,6,18.75,0,PUT
233,23400,24.5,10,24.25,5,24.0,1,28.5,8,28.75,6,29.0,1,CALL
233,23400,10.75,6,10.5,4,10.25,0,16.75,10,17.0,5,17.25,0,ASSET
233,23400,9.75,7,9.5,4,9.25,2,17.75,10,18.0,6,18.25,1,PUT
234,23500,23.0,5,22.75,1,22.5,1,29.0,6,29.25,5,29.5,1,CALL
234,23500,12.5,7,12.25,4,12.0,2,14.5,6,14.75,4,15.0,1,ASSET
234,23500,10.5,8,10.25,4,10.0,1,16.5,6,16.75,4,17.0,2,PUT
235,23600,9.25,6,9.0,5,8.75,1,17.25,8,17.5,5,17.75,0,ASSET
235,23600,12.25,7,12.0,4,11.75,1,14.25,8,14.5,6,14.75,1,PUT
235,23600,24.25,9,24.0,3,23.75,0,28.25,10,28.5,4,28.75,1,CALL
236,23700,8.75,8,8.5,5,8.25,2,16.75,7,17.0,3,17.25,2,PUT
236,23700,26.0,6,25.75,6,25.5,1,28.0,6,28.25,2,28.5,1,CALL
236,23700,8.75,6,8.5,6,8.25,0,16.75,7,17.0,2,17.25,2,ASSET
237,23800,8.75,5,8.5,6,8.25,2,16.75,9,17.0,1,17.25,1,PUT
237,23800,24.75,7,24.5,4,24.25,2,30.75,7,31.0,5,31.25,2,CALL
237,23800,11.75,6,11.5,4,11.25,2,13.75,5,14.0,4,14.25,0,ASSET
238,23900,12.25,9,12.0,4,11.75,1,14.25,5,14.5,4,14.75,2,PUT
238,23900,26.5,5,26.25,5,26.0,0,28.5,5,28.75,6,29.0,0,CALL
238,23900,10.25,8,10.0,1,9.75,1,16.25,10,16.5,5,16.75,2,ASSET
239,24000,24.0,10,23.75,5,23.5,2,32.0,7,32.25,3,32.5,0,CALL
239,24000,9.25,9,9.0,3,8.75,0,17.25,10,17.5,2,17.75,1,ASSET
239,24000,12.25,6,12.0,1,11.75,1,14.25,8,14.5,3,14.75,1,PUT
240,24100,9.25,6,9.0,5,8.75,1,17.25,10,17.5,3,17.75,2,ASSET
240,24100,11.25,10,11.0,4,10.75,2,15.25,8,15.5,2,15.75,0,PUT
240,24100,27.0,6,26.75,2,26.5,0,29.0,6,29.25,2,29.5,0,CALL
241,24200,11.0,6,10.75,6,10.5,1,15.0,7,15.25,5,15.5,0,ASSET
241,24200,9.0,8,8.75,2,8.5,2,17.0,10,17.25,1,17.5,1,PUT
241,24200,25.5,10,25.25,3,25.0,2,31.5,10,31.75,4,32.0,0,CALL
242,24300,9.25,9,9.0,5,8.75,2,15.25,9,15.5,4,15.75,1,ASSET
242,24300,8.25,7,8.0,1,7.75,2,16.25,7,16.5,2,16.75,0,PUT
242,24300,27.0,5,26.75,4,26.5,0,31.0,10,31.25,6,31.5,1,CALL
243,24400,10.25,9,10.0,6,9.75,0,14.25,10,14.5,1,14.75,0,ASSET
243,24400,25.75,10,25.5,4,25.25,0,29.75,6,30.0,4,30.25,1,CALL
243,24400,11.25,6,11.0,2,10.75,0,13.25,5,13.5,3,13.75,0,PUT
244,24500,24.75,8,24.5,4,24.25,0,30.75,7,31.0,5,31.25,2,CALL
244,24500,8.75,8,8.5,6,8.25,2,16.75,9,17.0,2,17.25,1,ASSET
244,24500,8.75,7,8.5,3,8.25,1,16.75,6,17.0,3,17.25,2,PUT
245,24600,26.5,10,26.25,2,26.0,1,28.5,9,28.75,5,29.0,1,CALL
245,24600,8.75,7,8.5,1,8.25,0,16.75,6,17.0,2,17.25,1,ASSET
245,24600,8.75,9,8.5,5,8.25,0,16.75,7,17.0,5,17.25,2,PUT
246,24700,27.0,5,26.75,2,26.5,2,29.0,7,29.25,6,29.5,0,CALL
246,24700,8.75,9,8.5,3,8.25,1,16.75,7,17.0,1,17.25,0,ASSET
246,24700,11.75,7,11.5,4,11.25,1,13.75,5,14.0,5,14.25,1,PUT
247,24800,11.25,8,11.0,3,10.75,0,13.25,5,13.5,5,13.75,2,ASSET
247,24800,11.25,7,11.0,4,10.75,0,13.25,10,13.5,6,13.75,0,PUT
247,24800,24.0,6,23.75,1,23.5,2,32.0,8,32.25,5,32.5,2,CALL
248,24900,10.0,6,9.75,2,9.5,2,14.0,5,14.25,4,14.5,1,PUT
248,24900,27.0,7,26.75,4,26.5,1,29.0,5,29.25,5,29.5,0,CALL
248,24900,11.0,10,10.75,4,10.5,1,13.0,6,13.25,2,13.5,1,ASSET
249,25000,10.5,8,10.25,3,10.0,0,12.5,8,12.75,3,13.0,0,PUT
249,25000,25.25,8,25.0,3,24.75,0,31.25,9,31.5,1,31.75,2,CALL
249,25000,9.5,8,9.25,1,9.0,2,13.5,9,13.75,2,14.0,2,ASSET
250,25100,26.5,7,26.25,5,26.0,2,28.5,9,28.75,6,29.0,1,CALL
250,25100,9.25,5,9.0,3,8.75,2,13.25,10,13.5,5,13.75,2,ASSET
250,25100,8.25,10,8.0,4,7.75,0,14.25,6,14.5,6,14.75,1,PUT
251,25200,9.0,6,8.75,4,8.5,1,13.0,5,13.25,3,13.5,1,ASSET
251,25200,7.0,6,6.75,2,6.5,2,15.0,5,15.25,3,15.5,0,PUT
251,25200,25.5,10,25.25,2,25.0,0,29.5,5,29.75,4,30.0,1,CALL
252,25300,8.0,7,7.75,1,7.5,1,14.0,5,14.25,5,14.5,0,ASSET
252,25300,9.0,10,8.75,1,8.5,0,13.0,7,13.25,5,13.5,1,PUT
252,25300,27.25,6,27.0,1,26.75,1,29.25,6,29.5,1,29.75,1,CALL
253,25400,7.75,6,7.5,6,7.25,2,15.75,6,16.0,3,16.25,0,ASSET
253,25400,7.75,6,7.5,4,7.25,1,15.75,7,16.0,4,16.25,1,PUT
253,25400,26.5,7,26.25,4,26.0,0,30.5,9,30.75,3,31.0,1,CALL
254,25500,10.75,6,10.5,5,10.25,1,12.75,10,13.0,6,13.25,2,PUT
254,25500,25.25,9,25.0,2,24.75,0,33.25,5,33.5,4,33.75,2,CALL
254,25500,7.75,10,7.5,5,7.25,2,15.75,6,16.0,2,16.25,0,ASSET
255,25600,25.25,8,25.0,6,24.75,2,33.25,6,33.5,4,33.75,2,CALL
255,25600,7.75,7,7.5,4,7.25,2,15.75,10,16.0,5,16.25,2,ASSET
255,25600,8.75,9,8.5,3,8.25,1,14.75,6,15.0,1,15.25,0,PUT
256,25700,24.75,5,24.5,4,24.25,0,32.75,7,33.0,1,33.25,0,CALL
256,25700,9.5,6,9.25,3,9.0,1,13.5,6,13.75,4,14.0,2,ASSET
256,25700,10.5,6,10.25,4,10.0,0,12.5,8,12.75,4,13.0,2,PUT
257,25800,25.5,5,25.25,1,25.0,0,31.5,8,31.75,1,32.0,1,CALL
257,25800,10.0,10,9.75,6,9.5,0,14.0,7,14.25,6,14.5,0,ASSET
257,25800,10.0,5,9.75,6,9.5,2,14.0,5,14.25,5,14.5,0,PUT
258,25900,25.75,8,25.5,2,25.25,1,31.75,7,32.0,5,32.25,0,CALL
258,25900,11.0,9,10.75,3,10.5,2,13.0,9,13.25,5,13.5,0,PUT
258,25900,9.0,6,8.75,5,8.5,1,15.0,5,15.25,5,15.5,0,ASSET
259,26000,10.5,6,10.25,6,10.0,0,14.5,9,14.75,2,15.0,0,PUT
259,26000,26.75,8,26.5,1,26.25,0,30.75,9,31.0,4,31.25,1,CALL
259,26000,8.5,7,8.25,3,8.0,1,16.5,10,16.75,6,17.0,0,ASSET
260,26100,8.25,9,8.0,2,7.75,0,16.25,6,16.5,1,16.75,1,PUT
260,26100,25.25,7,25.0,6,24.75,0,33.25,9,33.5,6,33.75,2,CALL
260,26100,10.25,8,10.0,5,9.75,0,14.25,8,14.5,3,14.75,0,ASSET
261,26200,10.75,9,10.5,5,10.25,0,12.75,7,13.0,2,13.25,1,PUT
261,26200,25.5,6,25.25,1,25.0,2,33.5,5,33.75,1,34.0,2,CALL
261,26200,9.75,8,9.5,1,9.25,2,13.75,5,14.0,2,14.25,0,ASSET
262,26300,29.25,10,29.0,6,28.75,1,31.25,9,31.5,4,31.75,1,CALL
262,26300,10.5,10,10.25,3,10.0,0,12.5,7,12.75,6,13.0,1,ASSET
262,26300,7.5,10,7.25,5,7.0,1,15.5,9,15.75,1,16.0,2,PUT
263,26400,10.75,8,10.5,6,10.25,0,12.75,9,13.0,6,13.25,2,ASSET
263,26400,9.75,10,9.5,5,9.25,1,13.75,9,14.0,4,14.25,1,PUT
263,26400,27.5,8,27.25,1,27.0,0,33.5,5,33.75,5,34.0,1,CALL
264,26500,10.75,5,10.5,2,10.25,0,12.75,8,13.0,5,13.25,2,ASSET
264,26500,9.75,8,9.5,5,9.25,0,13.75,10,14.0,2,14.25,0,PUT
264,26500,28.5,5,28.25,2,28.0,2,34.5,8,34.75,1,35.0,0,CALL
265,26600,7.25,7,7.0,2,6.75,2,15.25,6,15.5,3,15.75,2,ASSET
265,26600,7.25,9,7.0,6,6.75,0,15.25,8,15.5,1,15.75,2,PUT
265,26600,27.5,5,27.25,6,27.0,2,35.5,10,35.75,5,36.0,1,CALL
266,26700,6.5,7,6.25,2,6.0,2,14.5,9,14.75,4,15.0,2,PUT
266,26700,28.75,5,28.5,2,28.25,2,34.75,8,35.0,4,35.25,1,CALL
266,26700,8.5,8,8.25,1,8.0,2,12.5,7,12.75,4,13.0,2,ASSET
267,26800,27.25,9,27.0,6,26.75,2,35.25,5,35.5,6,35.75,2,CALL
267,26800,8.75,7,8.5,1,8.25,2,12.75,6,13.0,4,13.25,1,ASSET
267,26800,6.75,7,6.5,1,6.25,2,14.75,6,15.0,2,15.25,1,PUT
268,26900,27.25,8,27.0,3,26.75,1,35.25,8,35.5,2,35.75,2,CALL
268,26900,8.25,5,8.0,2,7.75,2,14.25,9,14.5,4,14.75,0,ASSET
268,26900,9.25,7,9.0,6,8.75,2,13.25,5,13.5,3,13.75,1,PUT
269,27000,28.75,7,28.5,2,28.25,0,34.75,7,35.0,6,35.25,2,CALL
269,27000,6.5,10,6.25,6,6.0,0,14.5,5,14.75,2,15.0,0,ASSET
269,27000,8.5,10,8.25,1,8.0,1,12.5,6,12.75,1,13.0,0,PUT
270,27100,8.5,8,8.25,3,8.0,0,12.5,7,12.75,3,13.0,1,ASSET
270,27100,7.5,8,7.25,6,7.0,0,13.5,7,13.75,4,14.0,0,PUT
270,27100,30.25,7,30.0,2,29.75,2,32.25,5,32.5,3,32.75,2,CALL
271,27200,8.25,6,8.0,4,7.75,1,12.25,7,12.5,3,12.75,2,PUT
271,27200,31.0,7,30.75,2,30.5,0,33.0,9,33.25,3,33.5,0,CALL
271,27200,7.25,10,7.0,5,6.75,2,13.25,9,13.5,3,13.75,0,ASSET
272,27300,9.0,8,8.75,3,8.5,2,11.0,9,11.25,1,11.5,0,PUT
272,27300,30.25,7,30.0,6,29.75,2,32.25,9,32.5,6,32.75,2,CALL
272,27300,7.0,5,6.75,3,6.5,1,13.0,5,13.25,4,13.5,1,ASSET
273,27400,7.75,8,7.5,2,7.25,2,11.75,6,12.0,6,12.25,2,PUT
273,27400,29.5,9,29.25,4,29.0,0,31.5,9,31.75,3,32.0,0,CALL
273,27400,8.75,9,8.5,1,8.25,2,10.75,8,11.0,1,11.25,1,ASSET
274,27500,6.0,6,5.75,5,5.5,0,14.0,8,14.25,2,14.5,0,PUT
274,27500,9.0,8,8.75,3,8.5,2,11.0,5,11.25,6,11.5,0,ASSET
274,27500,28.5,5,28.25,3,28.0,0,32.5,5,32.75,6,33.0,2,CALL
275,27600,6.25,8,6.0,2,5.75,0,14.25,9,14.5,6,14.75,1,ASSET
275,27600,9.25,9,9.0,1,8.75,0,11.25,5,11.5,2,11.75,0,PUT
275,27600,28.5,7,28.25,2,28.0,1,32.5,5,32.75,5,33.0,2,CALL
276,27700,9.5,6,9.25,3,9.0,1,11.5,5,11.75,6,12.0,1,ASSET
276,27700,8.5,5,8.25,4,8.0,0,12.5,9,12.75,2,13.0,2,PUT
276,27700,26.5,10,26.25,6,26.0,2,34.5,6,34.75,5,35.0,0,CALL
277,27800,7.25,7,7.0,2,6.75,0,13.25,9,13.5,2,13.75,0,ASSET
277,27800,8.25,10,8.0,6,7.75,0,12.25,5,12.5,2,12.75,2,PUT
277,27800,30.5,7,30.25,2,30.0,0,32.5,7,32.75,2,33.0,2,CALL
278,27900,8.75,6,8.5,3,8.25,1,10.75,10,11.0,2,11.25,0,PUT
278,27900,27.0,10,26.75,6,26.5,0,35.0,10,35.25,5,35.5,2,CALL
278,27900,8.75,9,8.5,3,8.25,2,10.75,8,11.0,2,11.25,1,ASSET
279,28000,28.75,6,28.5,5,28.25,2,34.75,10,35.0,6,35.25,0,CALL
279,28000,8.5,8,8.25,6,8.0,1,10.5,5,10.75,5,11.0,0,ASSET
279,28000,6.5,7,6.25,1,6.0,1,12.5,7,12.75,2,13.0,1,PUT
280,28100,27.75,5,27.5,5,27.25,0,35.75,8,36.0,5,36.25,0,CALL
280,28100,6.75,9,6.5,4,6.25,2,10.75,10,11.0,6,11.25,1,ASSET
280,28100,7.75,8,7.5,6,7.25,0,9.75,9,10.0,4,10.25,2,PUT
281,28200,31.0,6,30.75,4,30.5,0,33.0,6,33.25,4,33.5,0,CALL
281,28200,6.75,8,6.5,6,6.25,1,10.75,10,11.0,4,11.25,1,ASSET
281,28200,5.75,6,5.5,6,5.25,2,11.75,10,12.0,2,12.25,1,PUT
282,28300,31.5,7,31.25,3,31.0,2,33.5,10,33.75,1,34.0,0,CALL
282,28300,4.25,7,4.0,4,3.75,0,12.25,9,12.5,6,12.75,2,PUT
282,28300,4.25,5,4.0,4,3.75,1,12.25,9,12.5,5,12.75,2,ASSET
283,28400,3.75,7,3.5,5,3.25,2,11.75,9,12.0,6,12.25,1,PUT
283,28400,29.25,9,29.0,2,28.75,0,35.25,10,35.5,6,35.75,0,CALL
283,28400,6.75,10,6.5,1,6.25,0,8.75,7,9.0,5,9.25,0,ASSET
284,28500,6.0,7,5.75,3,5.5,0,10.0,7,10.25,6,10.5,0,PUT
284,28500,31.75,7,31.5,1,31.25,2,33.75,8,34.0,4,34.25,1,CALL
284,28500,7.0,5,6.75,3,6.5,2,9.0,10,9.25,2,9.5,0,ASSET
285,28600,6.5,5,6.25,3,6.0,2,8.5,7,8.75,3,9.0,0,PUT
285,28600,31.0,6,30.75,2,30.5,2,35.0,10,35.25,1,35.5,1,CALL
285,28600,6.5,9,6.25,6,6.0,1,8.5,7,8.75,1,9.0,0,ASSET
286,28700,29.5,9,29.25,1,29.0,2,37.5,10,37.75,5,38.0,0,CALL
286,28700,5.25,5,5.0,6,4.75,2,9.25,6,9.5,1,9.75,2,ASSET
286,28700,6.25,7,6.0,1,5.75,0,8.25,9,8.5,6,8.75,2,PUT
287,28800,5.75,5,5.5,3,5.25,0,7.75,8,8.0,6,8.25,1,ASSET
287,28800,4.75,10,4.5,4,4.25,0,8.75,10,9.0,2,9.25,1,PUT
287,28800,33.0,6,32.75,5,32.5,0,35.0,10,35.25,5,35.5,1,CALL
288,28900,3.0,5,2.75,4,2.5,2,11.0,9,11.25,2,11.5,0,ASSET
288,28900,5.0,8,4.75,5,4.5,0,9.0,5,9.25,1,9.5,1,PUT
288,28900,31.0,8,30.75,5,30.5,2,37.0,8,37.25,5,37.5,1,CALL
289,29000,6.0,8,5.75,2,5.5,0,8.0,9,8.25,5,8.5,0,ASSET
289,29000,6.0,5,5.75,1,5.5,0,8.0,9,8.25,5,8.5,0,PUT
289,29000,31.25,6,31.0,3,30.75,0,35.25,6,35.5,4,35.75,2,CALL
290,29100,3.25,7,3.0,6,2.75,1,11.25,7,11.5,6,11.75,1,ASSET
290,29100,31.75,5,31.5,1,31.25,0,35.75,9,36.0,6,36.25,1,CALL
290,29100,6.25,6,6.0,5,5.75,0,8.25,7,8.5,5,8.75,1,PUT
291,29200,30.75,9,30.5,4,30.25,2,38.75,6,39.0,3,39.25,2,CALL
291,29200,6.5,7,6.25,1,6.0,1,8.5,9,8.75,4,9.0,1,ASSET
291,29200,6.5,6,6.25,5,6.0,1,8.5,10,8.75,3,9.0,1,PUT
292,29300,31.25,8,31.0,2,30.75,2,35.25,8,35.5,4,35.75,1,CALL
292,29300,4.25,6,4.0,3,3.75,0,10.25,8,10.5,1,10.75,0,ASSET
292,29300,4.25,5,4.0,5,3.75,0,10.25,6,10.5,3,10.75,2,PUT
293,29400,32.5,5,32.25,1,32.0,1,34.5,7,34.75,2,35.0,1,CALL
293,29400,5.75,8,5.5,1,5.25,1,7.75,8,8.0,3,8.25,1,ASSET
293,29400,3.75,7,3.5,5,3.25,0,9.75,8,10.0,3,10.25,1,PUT
294,29500,5.25,7,5.0,2,4.75,1,9.25,9,9.5,4,9.75,1,ASSET
294,29500,3.25,6,3.0,5,2.75,2,11.25,8,11.5,5,11.75,2,PUT
294,29500,29.0,7,28.75,3,28.5,0,37.0,10,37.25,3,37.5,1,CALL
295,29600,5.0,7,4.75,3,4.5,1,9.0,5,9.25,2,9.5,2,PUT
295,29600,31.0,7,30.75,5,30.5,2,35.0,8,35.25,2,35.5,0,CALL
295,29600,5.0,5,4.75,1,4.5,1,9.0,9,9.25,1,9.5,2,ASSET
296,29700,4.75,9,4.5,3,4.25,1,8.75,7,9.0,3,9.25,1,PUT
296,29700,28.75,7,28.5,3,28.25,0,34.75,7,35.0,3,35.25,1,CALL
296,29700,2.75,8,2.5,4,2.25,0,10.75,5,11.0,5,11.25,1,ASSET
297,29800,5.25,10,5.0,2,4.75,1,7.25,9,7.5,4,7.75,1,PUT
297,29800,28.75,8,28.5,4,28.25,0,34.75,5,35.0,6,35.25,1,CALL
297,29800,4.25,5,4.0,2,3.75,0,8.25,5,8.5,2,8.75,0,ASSET
298,29900,31.0,6,30.75,6,30.5,0,33.0,9,33.25,2,33.5,2,CALL
298,29900,3.0,9,2.75,3,2.5,0,9.0,8,9.25,1,9.5,0,ASSET
298,29900,5.0,5,4.75,2,4.5,0,7.0,6,7.25,2,7.5,2,PUT
299,30000,4.0,7,3.75,3,3.5,0,8.0,9,8.25,4,8.5,2,ASSET
299,30000,3.0,7,2.75,2,2.5,0,9.0,7,9.25,4,9.5,0,PUT
299,30000,29.75,9,29.5,4,29.25,0,35.75,8,36.0,4,36.25,0,CALL
300,30100,4.25,9,4.0,6,3.75,2,8.25,8,8.5,1,8.75,2,ASSET
300,30100,5.25,10,5.0,1,4.75,1,7.25,8,7.5,5,7.75,1,PUT
300,30100,28.25,8,28.0,5,27.75,2,36.25,8,36.5,2,36.75,2,CALL
301,30200,3.0,9,2.75,1,2.5,0,9.0,5,9.25,2,9.5,2,ASSET
301,30200,2.0,9,1.75,4,1.5,1,10.0,5,10.25,1,10.5,2,PUT
301,30200,30.25,8,30.0,3,29.75,0,32.25,10,32.5,5,32.75,1,CALL
302,30300,4.75,9,4.5,2,4.25,2,6.75,10,7.0,6,7.25,1,PUT
302,30300,29.0,8,28.75,2,28.5,0,33.0,6,33.25,4,33.5,1,CALL
302,30300,2.75,7,2.5,2,2.25,1,8.75,8,9.0,2,9.25,0,ASSET
303,30400,27.5,7,27.25,2,27.0,2,35.5,8,35.75,2,36.0,0,CALL
303,30400,2.75,10,2.5,6,2.25,1,8.75,6,9.0,3,9.25,0,ASSET
303,30400,4.75,6,4.5,5,4.25,0,6.75,6,7.0,2,7.25,1,PUT
304,30500,30.0,6,29.75,5,29.5,1,34.0,6,34.25,6,34.5,2,CALL
304,30500,3.25,6,3.0,1,2.75,0,7.25,9,7.5,6,7.75,2,ASSET
304,30500,1.25,9,1.0,1,0.75,0,9.25,8,9.5,3,9.75,1,PUT
305,30600,29.0,9,28.75,1,28.5,1,33.0,8,33.25,3,33.5,0,CALL
305,30600,2.25,9,2.0,1,1.75,2,8.25,8,8.5,3,8.75,2,ASSET
305,30600,3.25,5,3.0,6,2.75,0,7.25,7,7.5,5,7.75,0,PUT
306,30700,26.25,9,26.0,5,25.75,0,34.25,8,34.5,3,34.75,0,CALL
306,30700,4.25,6,4.0,6,3.75,1,6.25,7,6.5,5,6.75,0,PUT
306,30700,1.25,7,1.0,6,0.75,0,9.25,5,9.5,2,9.75,1,ASSET
307,30800,4.0,7,3.75,6,3.5,0,6.0,7,6.25,2,6.5,1,PUT
307,30800,26.75,7,26.5,4,26.25,0,34.75,8,35.0,5,35.25,0,CALL
307,30800,4.0,7,3.75,3,3.5,1,6.0,7,6.25,2,6.5,1,ASSET
308,30900,4.0,5,3.75,3,3.5,0,6.0,5,6.25,1,6.5,1,PUT
308,30900,27.25,6,27.0,6,26.75,0,35.25,7,35.5,4,35.75,0,CALL
308,30900,1.0,7,0.75,6,0.5,0,9.0,9,9.25,6,9.5,0,ASSET
309,31000,2.75,6,2.5,1,2.25,2,6.75,10,7.0,4,7.25,0,PUT
309,31000,29.75,6,29.5,2,29.25,2,31.75,8,32.0,3,32.25,2,CALL
309,31000,1.75,8,1.5,5,1.25,2,7.75,8,8.0,5,8.25,0,ASSET
310,31100,26.75,9,26.5,2,26.25,1,32.75,9,33.0,1,33.25,0,CALL
310,31100,3.75,5,3.5,5,3.25,2,5.75,5,6.0,2,6.25,1,ASSET
310,31100,0.75,9,0.5,3,0.25,0,8.75,6,9.0,4,9.25,2,PUT
311,31200,2.0,8,1.75,2,1.5,0,8.0,8,8.25,2,8.5,0,ASSET
311,31200,2.0,8,1.75,3,1.5,1,8.0,9,8.25,2,8.5,0,PUT
311,31200,27.5,8,27.25,2,27.0,2,33.5,7,33.75,5,34.0,0,CALL
312,31300,2.75,7,2.5,1,2.25,2,6.75,8,7.0,5,7.25,2,ASSET
312,31300,3.75,5,3.5,4,3.25,0,5.75,9,6.0,6,6.25,1,PUT
312,31300,27.75,5,27.5,2,27.25,1,31.75,7,32.0,1,32.25,1,CALL
313,31400,2.5,9,2.25,3,2.0,0,6.5,7,6.75,2,7.0,1,PUT
313,31400,27.75,8,27.5,1,27.25,2,29.75,5,30.0,3,30.25,0,CALL
313,31400,1.5,5,1.25,1,1.0,1,7.5,10,7.75,1,8.0,2,ASSET
314,31500,24.75,6,24.5,3,24.25,1,32.75,5,33.0,1,33.25,2,CALL
314,31500,2.75,6,2.5,3,2.25,2,6.75,9,7.0,1,7.25,1,ASSET
314,31500,0.75,8,0.5,2,0.25,1,8.75,8,9.0,4,9.25,1,PUT
315,31600,27.5,6,27.25,1,27.0,2,29.5,10,29.75,2,30.0,1,CALL
315,31600,1.75,7,1.5,6,1.25,2,7.75,8,8.0,1,8.25,0,ASSET
315,31600,1.75,6,1.5,3,1.25,1,7.75,9,8.0,4,8.25,0,PUT
316,31700,26.25,10,26.0,5,25.75,1,32.25,9,32.5,6,32.75,0,CALL
316,31700,1.75,7,1.5,6,1.25,0,7.75,5,8.0,6,8.25,0,ASSET
316,31700,1.75,8,1.5,4,1.25,1,7.75,10,8.0,4,8.25,2,PUT
317,31800,3.25,9,3.0,6,2.75,0,5.25,6,5.5,3,5.75,1,ASSET
317,31800,1.25,6,1.0,2,0.75,1,7.25,6,7.5,5,7.75,1,PUT
317,31800,25.0,10,24.75,5,24.5,2,33.0,5,33.25,5,33.5,1,CALL
318,31900,2.0,8,1.75,5,1.5,1,6.0,9,6.25,5,6.5,2,PUT
318,31900,25.25,10,25.0,5,24.75,1,31.25,10,31.5,2,31.75,1,CALL
318,31900,1.0,10,0.75,1,0.5,2,7.0,8,7.25,3,7.5,1,ASSET
319,32000,3.25,10,3.0,2,2.75,1,5.25,6,5.5,6,5.75,0,PUT
319,32000,25.25,8,25.0,2,24.75,1,33.25,7,33.5,2,33.75,2,CALL
319,32000,3.25,8,3.0,4,2.75,1,5.25,5,5.5,4,5.75,1,ASSET
320,32100,2.5,9,2.25,4,2.0,0,6.5,6,6.75,1,7.0,0,PUT
320,32100,25.75,6,25.5,5,25.25,0,31.75,6,32.0,6,32.25,0,CALL
320,32100,2.5,8,2.25,3,2.0,1,6.5,5,6.75,2,7.0,0,ASSET
321,32200,3.25,9,3.0,4,2.75,0,5.25,7,5.5,5,5.75,0,PUT
321,32200,1.25,8,1.0,5,0.75,1,7.25,10,7.5,6,7.75,2,ASSET
321,32200,27.75,9,27.5,1,27.25,0,29.75,9,30.0,1,30.25,1,CALL
322,32300,0.75,6,0.5,2,0.25,0,8.75,8,9.0,5,9.25,0,ASSET
322,32300,1.75,10,1.5,6,1.25,0,7.75,10,8.0,4,8.25,0,PUT
322,32300,26.5,9,26.25,3,26.0,0,30.5,8,30.75,5,31.0,0,CALL
323,32400,2.5,10,2.25,4,2.0,0,6.5,5,6.75,5,7.0,2,ASSET
323,32400,2.5,6,2.25,3,2.0,1,6.5,10,6.75,4,7.0,0,PUT
323,32400,26.5,10,26.25,6,26.0,2,32.5,7,32.75,3,33.0,1,CALL
324,32500,3.75,6,3.5,3,3.25,0,5.75,5,6.0,2,6.25,0,ASSET
324,32500,3.75,9,3.5,4,3.25,2,5.75,6,6.0,5,6.25,2,PUT
324,32500,28.25,10,28.0,2,27.75,2,30.25,5,30.5,3,30.75,2,CALL
325,32600,1.5,9,1.25,4,1.0,2,7.5,8,7.75,6,8.0,1,PUT
325,32600,25.0,10,24.75,3,24.5,2,33.0,8,33.25,1,33.5,0,CALL
325,32600,2.5,6,2.25,6,2.0,1,6.5,8,6.75,2,7.0,2,ASSET
326,32700,28.0,7,27.75,4,27.5,1,30.0,10,30.25,1,30.5,1,CALL
326,32700,1.75,7,1.5,5,1.25,1,7.75,6,8.0,3,8.25,1,ASSET
326,32700,2.75,8,2.5,2,2.25,2,6.75,8,7.0,5,7.25,1,PUT
327,32800,25.25,7,25.0,1,24.75,1,31.25,5,31.5,5,31.75,1,CALL
327,32800,2.25,9,2.0,6,1.75,1,8.25,6,8.5,4,8.75,1,ASSET
327,32800,3.25,9,3.0,5,2.75,1,7.25,10,7.5,1,7.75,0,PUT
328,32900,24.25,7,24.0,4,23.75,2,32.25,10,32.5,5,32.75,0,CALL
328,32900,2.75,10,2.5,2,2.25,1,6.75,5,7.0,1,7.25,1,ASSET
328,32900,1.75,6,1.5,1,1.25,2,7.75,6,8.0,2,8.25,1,PUT
329,33000,0.5,9,0.25,6,0.0,2,8.5,7,8.75,5,9.0,1,ASSET
329,33000,3.5,5,3.25,1,3.0,0,5.5,6,5.75,6,6.0,0,PUT
329,33000,25.5,6,25.25,4,25.0,2,31.5,8,31.75,5,32.0,2,CALL
330,33100,3.75,7,3.5,3,3.25,2,5.75,10,6.0,2,6.25,2,PUT
330,33100,27.25,5,27.0,4,26.75,1,31.25,5,31.5,3,31.75,0,CALL
330,33100,3.75,7,3.5,1,3.25,2,5.75,8,6.0,1,6.25,2,ASSET
331,33200,0.5,7,0.25,1,0.0,2,8.5,6,8.75,6,9.0,0,PUT
331,33200,28.5,8,28.25,1,28.0,1,30.5,5,30.75,3,31.0,0,CALL
331,33200,0.5,10,0.25,6,0.0,2,8.5,10,8.75,2,9.0,2,ASSET
332,33300,3.25,5,3.0,6,2.75,2,7.25,8,7.5,4,7.75,2,PUT
332,33300,28.0,6,27.75,5,27.5,1,30.0,7,30.25,2,30.5,2,CALL
332,33300,4.25,6,4.0,6,3.75,0,6.25,8,6.5,5,6.75,0,ASSET
333,33400,25.0,10,24.75,6,24.5,2,33.0,7,33.25,2,33.5,1,CALL
333,33400,3.0,7,2.75,2,2.5,2,7.0,6,7.25,5,7.5,0,ASSET
333,33400,3.0,7,2.75,4,2.5,0,7.0,8,7.25,5,7.5,2,PUT
334,33500,2.5,7,2.25,4,2.0,0,8.5,6,8.75,6,9.0,0,ASSET
334,33500,3.5,10,3.25,3,3.0,2,7.5,9,7.75,5,8.0,2,PUT
334,33500,26.25,5,26.0,2,25.75,2,30.25,7,30.5,5,30.75,2,CALL
335,33600,4.0,7,3.75,4,3.5,1,8.0,10,8.25,2,8.5,2,ASSET
335,33600,4.0,10,3.75,3,3.5,0,8.0,6,8.25,5,8.5,1,PUT
335,33600,27.25,6,27.0,1,26.75,2,29.25,10,29.5,1,29.75,1,CALL
336,33700,5.25,6,5.0,4,4.75,0,7.25,8,7.5,3,7.75,1,ASSET
336,33700,2.25,8,2.0,3,1.75,1,10.25,6,10.5,2,10.75,0,PUT
336,33700,26.5,10,26.25,1,26.0,0,32.5,7,32.75,6,33.0,2,CALL
337,33800,4.0,6,3.75,5,3.5,2,8.0,6,8.25,6,8.5,1,ASSET
337,33800,27.75,8,27.5,1,27.25,0,33.75,8,34.0,4,34.25,1,CALL
337,33800,2.0,10,1.75,6,1.5,2,10.0,6,10.25,2,10.5,1,PUT
338,33900,26.75,5,26.5,1,26.25,2,34.75,8,35.0,3,35.25,0,CALL
338,33900,2.5,9,2.25,1,2.0,2,10.5,9,10.75,2,11.0,1,ASSET
338,33900,2.5,7,2.25,3,2.0,1,10.5,5,10.75,3,11.0,1,PUT
339,34000,28.5,5,28.25,6,28.0,1,32.5,7,32.75,4,33.0,2,CALL
339,34000,3.0,8,2.75,4,2.5,1,9.0,8,9.25,4,9.5,0,ASSET
339,34000,2.0,6,1.75,1,1.5,1,10.0,7,10.25,3,10.5,2,PUT
340,34100,27.0,8,26.75,5,26.5,0,33.0,9,33.25,6,33.5,1,CALL
340,34100,2.25,8,2.0,6,1.75,0,10.25,8,10.5,2,10.75,1,ASSET
340,34100,4.25,9,4.0,2,3.75,2,8.25,5,8.5,6,8.75,1,PUT
341,34200,3.5,6,3.25,5,3.0,1,9.5,5,9.75,2,10.0,2,ASSET
341,34200,5.5,9,5.25,5,5.0,1,7.5,6,7.75,4,8.0,1,PUT
341,34200,28.0,5,27.75,6,27.5,2,30.0,6,30.25,3,30.5,0,CALL
342,34300,2.25,8,2.0,4,1.75,0,10.25,7,10.5,5,10.75,2,PUT
342,34300,27.5,6,27.25,3,27.0,2,31.5,5,31.75,1,32.0,2,CALL
342,34300,3.25,8,3.0,3,2.75,0,9.25,5,9.5,6,9.75,1,ASSET
343,34400,3.0,8,2.75,4,2.5,1,9.0,7,9.25,2,9.5,2,PUT
343,34400,26.0,6,25.75,2,25.5,2,32.0,6,32.25,5,32.5,0,CALL
343,34400,2.0,9,1.75,1,1.5,0,10.0,10,10.25,1,10.5,2,ASSET
344,34500,5.5,5,5.25,1,5.0,1,7.5,7,7.75,1,8.0,0,PUT
344,34500,24.5,6,24.25,4,24.0,2,32.5,7,32.75,4,33.0,0,CALL
344,34500,2.5,7,2.25,6,2.0,2,10.5,6,10.75,6,11.0,2,ASSET
345,34600,3.5,6,3.25,6,3.0,2,9.5,10,9.75,3,10.0,2,PUT
345,34600,3.5,5,3.25,1,3.0,2,9.5,5,9.75,5,10.0,1,ASSET
345,34600,25.0,7,24.75,1,24.5,1,33.0,8,33.25,3,33.5,2,CALL
346,34700,4.0,9,3.75,3,3.5,0,10.0,8,10.25,1,10.5,2,ASSET
346,34700,4.0,5,3.75,6,3.5,0,10.0,10,10.25,3,10.5,2,PUT
346,34700,26.75,10,26.5,6,26.25,0,30.75,10,31.0,1,31.25,0,CALL
347,34800,5.25,10,5.0,6,4.75,1,9.25,5,9.5,3,9.75,2,ASSET
347,34800,6.25,5,6.0,1,5.75,0,8.25,7,8.5,4,8.75,2,PUT
347,34800,27.0,10,26.75,6,26.5,2,29.0,7,29.25,1,29.5,0,CALL
348,34900,6.5,7,6.25,5,6.0,0,8.5,5,8.75,2,9.0,2,ASSET
348,34900,5.5,5,5.25,5,5.0,1,9.5,6,9.75,4,10.0,0,PUT
348,34900,26.0,6,25.75,4,25.5,2,30.0,9,30.25,5,30.5,2,CALL
349,35000,5.0,6,4.75,6,4.5,2,9.0,5,9.25,3,9.5,1,PUT
349,35000,25.5,5,25.25,1,25.0,1,31.5,5,31.75,4,32.0,1,CALL
349,35000,5.0,6,4.75,2,4.5,0,9.0,6,9.25,5,9.5,2,ASSET
350,35100,25.25,9,25.0,2,24.75,2,31.25,10,31.5,3,31.75,1,CALL
350,35100,6.5,10,6.25,3,6.0,2,8.5,7,8.75,6,9.0,2,ASSET
350,35100,4.5,9,4.25,1,4.0,2,10.5,9,10.75,1,11.0,0,PUT
351,35200,26.25,5,26.0,6,25.75,1,30.25,6,30.5,6,30.75,0,CALL
351,35200,6.0,9,5.75,4,5.5,0,10.0,8,10.25,5,10.5,2,ASSET
351,35200,6.0,5,5.75,6,5.5,1,10.0,9,10.25,3,10.5,0,PUT
352,35300,26.5,9,26.25,4,26.0,0,30.5,8,30.75,3,31.0,0,CALL
352,35300,4.25,6,4.0,3,3.75,0,12.25,9,12.5,5,12.75,1,ASSET
352,35300,4.25,5,4.0,1,3.75,0,12.25,7,12.5,3,12.75,1,PUT
353,35400,25.25,10,25.0,2,24.75,0,31.25,7,31.5,6,31.75,0,CALL
353,35400,5.25,6,5.0,5,4.75,0,11.25,7,11.5,3,11.75,2,PUT
353,35400,7.25,7,7.0,3,6.75,0,9.25,7,9.5,1,9.75,0,ASSET
354,35500,4.5,8,4.25,5,4.0,2,12.5,9,12.75,2,13.0,2,PUT
354,35500,26.0,7,25.75,4,25.5,2,32.0,5,32.25,5,32.5,0,CALL
354,35500,4.5,7,4.25,2,4.0,2,12.5,9,12.75,3,13.0,2,ASSET
355,35600,4.25,8,4.0,6,3.75,2,12.25,6,12.5,1,12.75,1,PUT
355,35600,26.0,10,25.75,5,25.5,2,32.0,9,32.25,3,32.5,0,CALL
355,35600,7.25,6,7.0,3,6.75,0,9.25,6,9.5,5,9.75,2,ASSET
356,35700,7.0,6,6.75,6,6.5,1,9.0,5,9.25,2,9.5,1,PUT
356,35700,27.5,7,27.25,3,27.0,2,31.5,5,31.75,6,32.0,2,CALL
356,35700,4.0,10,3.75,6,3.5,1,12.0,10,12.25,2,12.5,1,ASSET
357,35800,25.5,5,25.25,3,25.0,2,33.5,10,33.75,6,34.0,0,CALL
357,35800,5.25,6,5.0,5,4.75,0,11.25,9,11.5,6,11.75,2,ASSET
357,35800,4.25,8,4.0,1,3.75,1,12.25,9,12.5,5,12.75,2,PUT
358,35900,5.25,8,5.0,4,4.75,0,11.25,8,11.5,1,11.75,2,ASSET
358,35900,6.25,9,6.0,1,5.75,0,10.25,5,10.5,6,10.75,1,PUT
358,35900,26.5,7,26.25,3,26.0,0,30.5,7,30.75,2,31.0,2,CALL
359,36000,4.0,6,3.75,4,3.5,2,12.0,10,12.25,5,12.5,1,ASSET
359,36000,7.0,7,6.75,6,6.5,1,9.0,5,9.25,5,9.5,2,PUT
359,36000,25.5,7,25.25,5,25.0,2,31.5,8,31.75,6,32.0,1,CALL
360,36100,7.0,8,6.75,4,6.5,2,9.0,8,9.25,5,9.5,2,ASSET
360,36100,4.0,7,3.75,2,3.5,0,12.0,6,12.25,1,12.5,1,PUT
360,36100,25.5,7,25.25,6,25.0,2,31.5,5,31.75,4,32.0,1,CALL
361,36200,5.75,5,5.5,6,5.25,1,11.75,7,12.0,5,12.25,1,PUT
361,36200,26.0,8,25.75,2,25.5,1,30.0,9,30.25,1,30.5,0,CALL
361,36200,6.75,8,6.5,3,6.25,1,10.75,7,11.0,2,11.25,1,ASSET
362,36300,27.0,8,26.75,2,26.5,2,31.0,5,31.25,5,31.5,1,CALL
362,36300,5.5,7,5.25,4,5.0,2,11.5,10,11.75,6,12.0,2,ASSET
362,36300,4.5,7,4.25,5,4.0,1,12.5,5,12.75,1,13.0,1,PUT
363,36400,27.5,9,27.25,5,27.0,1,31.5,10,31.75,3,32.0,0,CALL
363,36400,4.0,7,3.75,2,3.5,1,12.0,6,12.25,6,12.5,2,ASSET
363,36400,5.0,10,4.75,5,4.5,0,11.0,9,11.25,6,11.5,0,PUT
364,36500,27.0,6,26.75,1,26.5,1,31.0,6,31.25,4,31.5,0,CALL
364,36500,4.0,6,3.75,4,3.5,0,12.0,7,12.25,5,12.5,0,ASSET
364,36500,6.0,10,5.75,6,5.5,1,10.0,8,10.25,2,10.5,0,PUT
365,36600,4.5,7,4.25,4,4.0,2,10.5,8,10.75,1,11.0,0,ASSET
365,36600,3.5,5,3.25,2,3.0,0,11.5,9,11.75,5,12.0,0,PUT
365,36600,25.75,6,25.5,1,25.25,1,31.75,6,32.0,3,32.25,0,CALL
366,36700,6.0,10,5.75,2,5.5,1,10.0,9,10.25,1,10.5,2,PUT
366,36700,25.0,9,24.75,3,24.5,2,33.0,10,33.25,5,33.5,0,CALL
366,36700,6.0,9,5.75,1,5.5,0,10.0,6,10.25,5,10.5,2,ASSET
367,36800,4.5,8,4.25,6,4.0,0,12.5,10,12.75,2,13.0,0,PUT
367,36800,26.75,9,26.5,5,26.25,2,30.75,5,31.0,2,31.25,1,CALL
367,36800,4.5,10,4.25,4,4.0,2,12.5,9,12.75,6,13.0,2,ASSET
368,36900,6.75,7,6.5,3,6.25,0,10.75,6,11.0,6,11.25,1,PUT
368,36900,27.75,8,27.5,3,27.25,1,31.75,6,32.0,2,32.25,2,CALL
368,36900,5.75,7,5.5,4,5.25,1,11.75,7,12.0,5,12.25,1,ASSET
369,37000,6.0,6,5.75,1,5.5,1,10.0,8,10.25,3,10.5,2,PUT
369,37000,4.0,6,3.75,6,3.5,1,12.0,9,12.25,3,12.5,1,ASSET
369,37000,29.25,7,29.0,1,28.75,2,31.25,8,31.5,4,31.75,1,CALL
370,37100,3.75,5,3.5,3,3.25,2,11.75,6,12.0,2,12.25,0,ASSET
370,37100,5.75,10,5.5,2,5.25,0,9.75,6,10.0,5,10.25,2,PUT
370,37100,25.5,5,25.25,5,25.0,2,33.5,9,33.75,5,34.0,0,CALL
371,37200,6.5,10,6.25,2,6.0,0,8.5,5,8.75,5,9.0,0,ASSET
371,37200,6.5,9,6.25,6,6.0,2,8.5,10,8.75,6,9.0,0,PUT
371,37200,26.75,10,26.5,4,26.25,1,32.75,10,33.0,6,33.25,2,CALL
372,37300,28.0,9,27.75,5,27.5,2,32.0,7,32.25,1,32.5,2,CALL
372,37300,6.0,5,5.75,5,5.5,1,8.0,6,8.25,4,8.5,0,PUT
372,37300,4.0,6,3.75,5,3.5,0,10.0,9,10.25,4,10.5,2,ASSET
373,37400,5.5,5,5.25,3,5.0,2,9.5,8,9.75,4,10.0,0,PUT
373,37400,3.5,10,3.25,4,3.0,2,11.5,9,11.75,2,12.0,0,ASSET
373,37400,26.75,7,26.5,4,26.25,1,32.75,5,33.0,3,33.25,2,CALL
374,37500,3.75,7,3.5,4,3.25,1,11.75,5,12.0,5,12.25,0,ASSET
374,37500,6.75,5,6.5,6,6.25,1,8.75,6,9.0,1,9.25,0,PUT
374,37500,28.0,8,27.75,5,27.5,2,32.0,8,32.25,3,32.5,1,CALL
375,37600,27.5,9,27.25,1,27.0,1,31.5,5,31.75,2,32.0,2,CALL
375,37600,3.75,8,3.5,3,3.25,1,11.75,5,12.0,5,12.25,2,ASSET
375,37600,4.75,8,4.5,1,4.25,1,10.75,6,11.0,4,11.25,2,PUT
376,37700,26.75,8,26.5,5,26.25,1,30.75,6,31.0,3,31.25,1,CALL
376,37700,5.0,8,4.75,2,4.5,1,11.0,10,11.25,3,11.5,2,PUT
376,37700,4.0,6,3.75,4,3.5,2,12.0,10,12.25,3,12.5,1,ASSET
377,37800,5.0,9,4.75,4,4.5,0,11.0,10,11.25,1,11.5,1,PUT
377,37800,23.75,9,23.5,4,23.25,2,31.75,10,32.0,2,32.25,2,CALL
377,37800,7.0,9,6.75,6,6.5,0,9.0,7,9.25,5,9.5,0,ASSET
378,37900,5.0,5,4.75,3,4.5,0,11.0,5,11.25,5,11.5,1,PUT
378,37900,25.0,8,24.75,4,24.5,0,29.0,10,29.25,4,29.5,1,CALL
378,37900,6.0,8,5.75,1,5.5,0,10.0,7,10.25,6,10.5,0,ASSET
379,38000,7.5,10,7.25,5,7.0,1,9.5,10,9.75,4,10.0,2,PUT
379,38000,22.5,5,22.25,1,22.0,0,30.5,5,30.75,2,31.0,1,CALL
379,38000,4.5,7,4.25,3,4.0,1,12.5,10,12.75,5,13.0,0,ASSET
380,38100,25.5,7,25.25,5,25.0,0,29.5,9,29.75,1,30.0,2,CALL
380,38100,4.25,6,4.0,2,3.75,2,12.25,5,12.5,2,12.75,0,ASSET
380,38100,4.25,8,4.0,5,3.75,1,12.25,7,12.5,5,12.75,2,PUT
381,38200,4.5,10,4.25,1,4.0,2,12.5,7,12.75,2,13.0,0,ASSET
381,38200,6.5,9,6.25,1,6.0,1,10.5,6,10.75,4,11.0,2,PUT
381,38200,26.75,5,26.5,2,26.25,2,28.75,7,29.0,5,29.25,2,CALL
382,38300,7.5,7,7.25,4,7.0,2,9.5,6,9.75,6,10.0,2,ASSET
382,38300,5.5,8,5.25,5,5.0,2,11.5,10,11.75,5,12.0,1,PUT
382,38300,25.25,5,25.0,4,24.75,2,31.25,5,31.5,3,31.75,2,CALL
383,38400,4.25,5,4.0,5,3.75,2,12.25,6,12.5,1,12.75,0,ASSET
383,38400,4.25,5,4.0,1,3.75,1,12.25,10,12.5,1,12.75,1,PUT
383,38400,24.25,8,24.0,3,23.75,1,32.25,6,32.5,5,32.75,0,CALL
384,38500,5.75,8,5.5,4,5.25,1,11.75,6,12.0,5,12.25,2,ASSET
384,38500,27.0,7,26.75,2,26.5,1,29.0,8,29.25,5,29.5,0,CALL
384,38500,4.75,10,4.5,5,4.25,0,12.75,5,13.0,3,13.25,0,PUT
385,38600,24.75,6,24.5,5,24.25,1,32.75,5,33.0,2,33.25,1,CALL
385,38600,5.5,9,5.25,1,5.0,1,11.5,9,11.75,5,12.0,2,ASSET
385,38600,4.5,5,4.25,6,4.0,0,12.5,7,12.75,2,13.0,0,PUT
386,38700,26.0,5,25.75,4,25.5,1,32.0,9,32.25,6,32.5,2,CALL
386,38700,4.5,8,4.25,2,4.0,0,12.5,9,12.75,4,13.0,1,ASSET
386,38700,7.5,5,7.25,6,7.0,1,9.5,10,9.75,1,10.0,2,PUT
387,38800,28.0,7,27.75,5,27.5,2,30.0,10,30.25,1,30.5,0,CALL
387,38800,7.25,5,7.0,1,6.75,0,9.25,5,9.5,2,9.75,2,ASSET
387,38800,6.25,9,6.0,2,5.75,0,10.25,9,10.5,1,10.75,0,PUT
388,38900,7.0,9,6.75,1,6.5,2,9.0,5,9.25,4,9.5,0,ASSET
388,38900,7.0,7,6.75,4,6.5,0,9.0,8,9.25,1,9.5,0,PUT
388,38900,25.5,8,25.25,2,25.0,2,33.5,9,33.75,4,34.0,0,CALL
389,39000,5.25,8,5.0,5,4.75,2,11.25,6,11.5,4,11.75,2,PUT
389,39000,27.0,5,26.75,6,26.5,0,31.0,7,31.25,1,31.5,1,CALL
389,39000,7.25,8,7.0,3,6.75,2,9.25,6,9.5,4,9.75,1,ASSET
390,39100,7.75,5,7.5,2,7.25,1,9.75,8,10.0,5,10.25,2,PUT
390,39100,24.75,7,24.5,1,24.25,1,32.75,6,33.0,4,33.25,0,CALL
390,39100,7.75,6,7.5,5,7.25,0,9.75,9,10.0,2,10.25,2,ASSET
391,39200,6.5,5,6.25,6,6.0,0,12.5,10,12.75,6,13.0,0,PUT
391,39200,26.5,5,26.25,1,26.0,1,30.5,8,30.75,2,31.0,0,CALL
391,39200,5.5,9,5.25,6,5.0,1,13.5,6,13.75,5,14.0,0,ASSET
392,39300,26.75,9,26.5,4,26.25,2,30.75,10,31.0,1,31.25,2,CALL
392,39300,5.75,8,5.5,5,5.25,0,13.75,5,14.0,6,14.25,1,ASSET
392,39300,8.75,5,8.5,2,8.25,2,10.75,9,11.0,2,11.25,2,PUT
393,39400,7.0,9,6.75,1,6.5,2,13.0,9,13.25,2,13.5,2,ASSET
393,39400,7.0,10,6.75,4,6.5,2,13.0,7,13.25,3,13.5,0,PUT
393,39400,26.75,10,26.5,1,26.25,2,28.75,9,29.0,5,29.25,2,CALL
394,39500,7.75,7,7.5,3,7.25,2,11.75,10,12.0,4,12.25,0,ASSET
394,39500,7.75,5,7.5,4,7.25,2,11.75,8,12.0,2,12.25,0,PUT
394,39500,25.0,6,24.75,3,24.5,0,31.0,6,31.25,5,31.5,0,CALL
395,39600,7.5,7,7.25,6,7.0,2,11.5,6,11.75,1,12.0,0,ASSET
395,39600,6.5,8,6.25,3,6.0,0,12.5,8,12.75,2,13.0,1,PUT
395,39600,24.75,6,24.5,3,24.25,0,28.75,9,29.0,2,29.25,0,CALL
396,39700,6.5,8,6.25,6,6.0,0,12.5,8,12.75,5,13.0,1,PUT
396,39700,25.25,10,25.0,1,24.75,0,27.25,10,27.5,6,27.75,2,CALL
396,39700,8.5,10,8.25,3,8.0,2,10.5,5,10.75,1,11.0,0,ASSET
397,39800,23.0,5,22.75,6,22.5,2,29.0,8,29.25,3,29.5,1,CALL
397,39800,8.25,6,8.0,5,7.75,1,12.25,8,12.5,6,12.75,2,ASSET
397,39800,7.25,6,7.0,3,6.75,1,13.25,6,13.5,1,13.75,0,PUT
398,39900,25.25,7,25.0,6,24.75,1,27.25,7,27.5,5,27.75,0,CALL
398,39900,7.75,9,7.5,2,7.25,0,11.75,9,12.0,5,12.25,1,ASSET
398,39900,7.75,9,7.5,6,7.25,0,11.75,10,12.0,4,12.25,0,PUT
399,40000,24.75,6,24.5,1,24.25,1,26.75,10,27.0,3,27.25,1,CALL
399,40000,6.0,8,5.75,2,5.5,2,14.0,10,14.25,3,14.5,1,ASSET
399,40000,7.0,9,6.75,6,6.5,0,13.0,7,13.25,1,13.5,1,PUT
400,40100,24.0,10,23.75,3,23.5,0,28.0,5,28.25,4,28.5,0,CALL
400,40100,7.5,7,7.25,6,7.0,2,13.5,5,13.75,4,14.0,0,PUT
400,40100,6.5,9,6.25,5,6.0,1,14.5,6,14.75,6,15.0,0,ASSET
401,40200,7.25,8,7.0,1,6.75,1,13.25,6,13.5,4,13.75,0,PUT
401,40200,24.25,10,24.0,6,23.75,2,26.25,5,26.5,1,26.75,1,CALL
401,40200,8.25,6,8.0,6,7.75,1,12.25,5,12.5,2,12.75,1,ASSET
402,40300,7.0,8,6.75,1,6.5,2,13.0,5,13.25,2,13.5,1,PUT
402,40300,21.25,6,21.0,2,20.75,2,29.25,9,29.5,6,29.75,1,CALL
402,40300,6.0,6,5.75,2,5.5,1,14.0,7,14.25,5,14.5,1,ASSET
403,40400,8.75,7,8.5,2,8.25,0,10.75,5,11.0,2,11.25,1,PUT
403,40400,21.0,6,20.75,6,20.5,0,29.0,7,29.25,4,29.5,2,CALL
403,40400,8.75,6,8.5,2,8.25,0,10.75,10,11.0,3,11.25,0,ASSET
404,40500,21.5,6,21.25,6,21.0,2,27.5,10,27.75,3,28.0,1,CALL
404,40500,6.25,10,6.0,6,5.75,1,14.25,8,14.5,4,14.75,2,ASSET
404,40500,7.25,6,7.0,5,6.75,2,13.25,8,13.5,6,13.75,0,PUT
405,40600,7.25,7,7.0,1,6.75,1,13.25,8,13.5,1,13.75,1,ASSET
405,40600,6.25,8,6.0,4,5.75,0,14.25,6,14.5,1,14.75,1,PUT
405,40600,20.75,7,20.5,1,20.25,0,28.75,6,29.0,6,29.25,2,CALL
406,40700,9.0,8,8.75,6,8.5,1,13.0,7,13.25,1,13.5,2,ASSET
406,40700,7.0,9,6.75,4,6.5,0,15.0,8,15.25,2,15.5,0,PUT
406,40700,23.5,9,23.25,5,23.0,0,25.5,10,25.75,3,26.0,1,CALL
407,40800,7.5,10,7.25,5,7.0,1,15.5,6,15.75,1,16.0,1,ASSET
407,40800,10.5,7,10.25,5,10.0,2,12.5,6,12.75,3,13.0,0,PUT
407,40800,23.5,9,23.25,6,23.0,2,25.5,6,25.75,1,26.0,1,CALL
408,40900,7.25,7,7.0,4,6.75,1,15.25,6,15.5,1,15.75,1,ASSET
408,40900,20.5,9,20.25,3,20.0,1,28.5,9,28.75,4,29.0,1,CALL
408,40900,10.25,8,10.0,2,9.75,1,12.25,8,12.5,4,12.75,0,PUT
409,41000,22.75,10,22.5,3,22.25,0,24.75,7,25.0,2,25.25,1,CALL
409,41000,10.75,10,10.5,6,10.25,1,12.75,10,13.0,2,13.25,2,ASSET
409,41000,7.75,8,7.5,1,7.25,1,15.75,9,16.0,4,16.25,1,PUT
410,41100,23.75,6,23.5,5,23.25,2,25.75,9,26.0,2,26.25,2,CALL
410,41100,9.0,6,8.75,2,8.5,2,15.0,5,15.25,1,15.5,1,ASSET
410,41100,8.0,7,7.75,1,7.5,2,16.0,6,16.25,6,16.5,1,PUT
411,41200,22.75,7,22.5,5,22.25,0,26.75,8,27.0,2,27.25,1,CALL
411,41200,7.75,5,7.5,3,7.25,2,15.75,5,16.0,4,16.25,1,ASSET
411,41200,9.75,10,9.5,2,9.25,2,13.75,9,14.0,6,14.25,1,PUT
412,41300,11.0,9,10.75,2,10.5,0,13.0,7,13.25,6,13.5,2,ASSET
412,41300,10.0,7,9.75,3,9.5,1,14.0,6,14.25,5,14.5,0,PUT
412,41300,24.25,5,24.0,5,23.75,1,26.25,6,26.5,6,26.75,0,CALL
413,41400,8.25,8,8.0,1,7.75,0,16.25,6,16.5,6,16.75,2,PUT
413,41400,20.25,5,20.0,2,19.75,1,28.25,9,28.5,1,28.75,0,CALL
413,41400,11.25,10,11.0,1,10.75,2,13.25,9,13.5,6,13.75,1,ASSET
414,41500,7.75,6,7.5,5,7.25,0,15.75,8,16.0,6,16.25,1,PUT
414,41500,19.5,6,19.25,1,19.0,2,27.5,9,27.75,2,28.0,0,CALL
414,41500,9.75,5,9.5,5,9.25,2,13.75,9,14.0,6,14.25,0,ASSET
415,41600,9.5,7,9.25,6,9.0,0,15.5,6,15.75,2,16.0,1,PUT
415,41600,19.5,7,19.25,1,19.0,1,27.5,10,27.75,3,28.0,0,CALL
415,41600,8.5,5,8.25,5,8.0,2,16.5,10,16.75,3,17.0,1,ASSET
416,41700,8.25,8,8.0,4,7.75,0,16.25,8,16.5,2,16.75,2,PUT
416,41700,9.25,8,9.0,5,8.75,0,15.25,10,15.5,1,15.75,1,ASSET
416,41700,20.5,8,20.25,6,20.0,1,28.5,5,28.75,1,29.0,0,CALL
417,41800,11.5,10,11.25,2,11.0,2,13.5,7,13.75,4,14.0,1,ASSET
417,41800,8.5,6,8.25,1,8.0,0,16.5,6,16.75,2,17.0,2,PUT
417,41800,21.0,7,20.75,1,20.5,2,29.0,10,29.25,4,29.5,2,CALL
418,41900,10.75,5,10.5,1,10.25,1,14.75,10,15.0,4,15.25,1,ASSET
418,41900,9.75,10,9.5,6,9.25,1,15.75,6,16.0,2,16.25,0,PUT
418,41900,20.5,10,20.25,3,20.0,1,28.5,6,28.75,2,29.0,0,CALL
419,42000,9.0,6,8.75,3,8.5,2,17.0,10,17.25,1,17.5,0,ASSET
419,42000,12.0,10,11.75,4,11.5,1,14.0,10,14.25,2,14.5,1,PUT
419,42000,21.75,5,21.5,3,21.25,2,25.75,7,26.0,4,26.25,0,CALL
420,42100,12.5,10,12.25,6,12.0,0,14.5,10,14.75,3,15.0,2,PUT
420,42100,19.25,10,19.0,4,18.75,0,27.25,10,27.5,4,27.75,2,CALL
420,42100,9.5,5,9.25,6,9.0,1,17.5,9,17.75,6,18.0,0,ASSET
421,42200,19.5,7,19.25,3,19.0,2,25.5,9,25.75,4,26.0,2,CALL
421,42200,12.25,7,12.0,6,11.75,0,14.25,5,14.5,6,14.75,0,ASSET
421,42200,12.25,6,12.0,3,11.75,0,14.25,8,14.5,4,14.75,0,PUT
422,42300,20.25,5,20.0,3,19.75,2,26.25,8,26.5,2,26.75,0,CALL
422,42300,11.25,10,11.0,6,10.75,2,15.25,10,15.5,6,15.75,0,ASSET
422,42300,9.25,5,9.0,3,8.75,0,17.25,6,17.5,1,17.75,2,PUT
423,42400,21.5,8,21.25,2,21.0,2,23.5,10,23.75,5,24.0,1,CALL
423,42400,9.0,6,8.75,1,8.5,0,17.0,7,17.25,4,17.5,2,ASSET
423,42400,12.0,6,11.75,4,11.5,2,14.0,9,14.25,1,14.5,2,PUT
424,42500,9.0,8,8.75,3,8.5,1,17.0,9,17.25,1,17.5,2,ASSET
424,42500,9.0,6,8.75,2,8.5,2,17.0,8,17.25,1,17.5,0,PUT
424,42500,22.0,8,21.75,1,21.5,0,24.0,6,24.25,3,24.5,2,CALL
425,42600,10.25,10,10.0,2,9.75,2,16.25,8,16.5,2,16.75,1,PUT
425,42600,20.5,9,20.25,1,20.0,2,24.5,6,24.75,5,25.0,1,CALL
425,42600,9.25,10,9.0,3,8.75,0,17.25,8,17.5,4,17.75,1,ASSET
426,42700,8.75,5,8.5,3,8.25,1,16.75,7,17.0,3,17.25,0,PUT
426,42700,20.25,6,20.0,1,19.75,2,24.25,7,24.5,1,24.75,2,CALL
426,42700,9.75,6,9.5,3,9.25,1,15.75,6,16.0,3,16.25,1,ASSET
427,42800,10.5,8,10.25,4,10.0,0,14.5,5,14.75,4,15.0,1,PUT
427,42800,22.0,6,21.75,1,21.5,0,24.0,8,24.25,2,24.5,1,CALL
427,42800,10.5,8,10.25,3,10.0,0,14.5,8,14.75,4,15.0,0,ASSET
428,42900,21.5,8,21.25,1,21.0,2,25.5,6,25.75,2,26.0,1,CALL
428,42900,10.75,8,10.5,2,10.25,0,14.75,6,15.0,5,15.25,2,ASSET
428,42900,11.75,7,11.5,5,11.25,0,13.75,8,14.0,2,14.25,1,PUT
429,43000,11.0,9,10.75,6,10.5,2,15.0,8,15.25,1,15.5,1,ASSET
429,43000,12.0,7,11.75,4,11.5,1,14.0,10,14.25,1,14.5,0,PUT
429,43000,19.75,8,19.5,1,19.25,2,27.75,7,28.0,5,28.25,1,CALL
430,43100,10.25,7,10.0,3,9.75,1,16.25,6,16.5,5,16.75,2,ASSET
430,43100,10.25,9,10.0,1,9.75,1,16.25,10,16.5,5,16.75,0,PUT
430,43100,19.75,7,19.5,3,19.25,1,27.75,8,28.0,3,28.25,2,CALL
431,43200,11.5,7,11.25,3,11.0,2,15.5,6,15.75,2,16.0,0,ASSET
431,43200,9.5,7,9.25,5,9.0,1,17.5,9,17.75,5,18.0,2,PUT
431,43200,22.5,10,22.25,2,22.0,2,26.5,10,26.75,1,27.0,1,CALL
432,43300,11.5,6,11.25,6,11.0,0,15.5,10,15.75,2,16.0,0,ASSET
432,43300,24.5,9,24.25,5,24.0,0,26.5,5,26.75,2,27.0,1,CALL
432,43300,12.5,8,12.25,4,12.0,0,14.5,7,14.75,4,15.0,2,PUT
433,43400,25.0,6,24.75,4,24.5,0,27.0,8,27.25,4,27.5,0,CALL
433,43400,13.0,10,12.75,5,12.5,0,15.0,10,15.25,5,15.5,2,ASSET
433,43400,11.0,5,10.75,4,10.5,1,17.0,8,17.25,4,17.5,1,PUT
434,43500,25.25,7,25.0,5,24.75,0,27.25,7,27.5,1,27.75,1,CALL
434,43500,12.5,6,12.25,1,12.0,0,16.5,5,16.75,4,17.0,2,ASSET
434,43500,10.5,7,10.25,1,10.0,1,18.5,7,18.75,6,19.0,1,PUT
435,43600,11.0,8,10.75,5,10.5,1,19.0,7,19.25,4,19.5,2,PUT
435,43600,14.0,7,13.75,5,13.5,0,16.0,9,16.25,6,16.5,2,ASSET
435,43600,23.5,8,23.25,5,23.0,1,27.5,5,27.75,2,28.0,1,CALL
436,43700,12.75,7,12.5,2,12.25,1,16.75,8,17.0,1,17.25,0,ASSET
436,43700,24.0,5,23.75,6,23.5,1,28.0,7,28.25,3,28.5,1,CALL
436,43700,13.75,9,13.5,4,13.25,0,15.75,9,16.0,2,16.25,1,PUT
437,43800,25.0,6,24.75,6,24.5,1,27.0,8,27.25,6,27.5,0,CALL
437,43800,12.5,10,12.25,3,12.0,0,16.5,6,16.75,1,17.0,2,ASSET
437,43800,13.5,8,13.25,3,13.0,1,15.5,9,15.75,1,16.0,1,PUT
438,43900,12.75,10,12.5,1,12.25,0,16.75,9,17.0,4,17.25,1,PUT
438,43900,22.25,7,22.0,1,21.75,1,28.25,9,28.5,5,28.75,2,CALL
438,43900,12.75,6,12.5,3,12.25,1,16.75,10,17.0,4,17.25,1,ASSET
439,44000,24.25,5,24.0,5,23.75,2,26.25,6,26.5,6,26.75,1,CALL
439,44000,12.25,6,12.0,4,11.75,2,18.25,9,18.5,6,18.75,1,ASSET
439,44000,13.25,8,13.0,3,12.75,0,17.25,10,17.5,3,17.75,0,PUT
440,44100,14.0,6,13.75,5,13.5,0,16.0,5,16.25,2,16.5,2,ASSET
440,44100,12.0,6,11.75,1,11.5,2,18.0,5,18.25,6,18.5,1,PUT
440,44100,22.25,8,22.0,6,21.75,2,26.25,9,26.5,1,26.75,2,CALL
441,44200,11.75,7,11.5,5,11.25,1,19.75,10,20.0,5,20.25,2,ASSET
441,44200,14.75,6,14.5,2,14.25,1,16.75,9,17.0,3,17.25,1,PUT
441,44200,20.25,6,20.0,2,19.75,1,28.25,8,28.5,2,28.75,0,CALL
442,44300,12.25,9,12.0,4,11.75,1,20.25,6,20.5,6,20.75,0,ASSET
442,44300,13.25,10,13.0,5,12.75,0,19.25,10,19.5,5,19.75,0,PUT
442,44300,20.75,10,20.5,3,20.25,1,28.75,9,29.0,6,29.25,1,CALL
443,44400,13.75,10,13.5,2,13.25,1,17.75,6,18.0,3,18.25,1,PUT
443,44400,22.5,9,22.25,4,22.0,2,28.5,9,28.75,2,29.0,2,CALL
443,44400,14.75,10,14.5,6,14.25,0,16.75,7,17.0,6,17.25,2,ASSET
444,44500,21.75,10,21.5,4,21.25,1,29.75,8,30.0,5,30.25,1,CALL
444,44500,12.0,7,11.75,3,11.5,0,18.0,8,18.25,1,18.5,1,ASSET
444,44500,14.0,6,13.75,4,13.5,0,16.0,9,16.25,4,16.5,1,PUT
445,44600,25.75,5,25.5,2,25.25,1,27.75,8,28.0,4,28.25,2,CALL
445,44600,12.0,7,11.75,5,11.5,2,18.0,7,18.25,6,18.5,0,ASSET
445,44600,11.0,10,10.75,3,10.5,1,19.0,9,19.25,3,19.5,2,PUT
446,44700,25.0,5,24.75,1,24.5,2,29.0,5,29.25,5,29.5,0,CALL
446,44700,12.5,6,12.25,5,12.0,2,16.5,7,16.75,4,17.0,1,ASSET
446,44700,11.5,6,11.25,2,11.0,1,17.5,10,17.75,2,18.0,1,PUT
447,44800,24.25,8,24.0,1,23.75,0,30.25,7,30.5,4,30.75,1,CALL
447,44800,10.5,5,10.25,2,10.0,0,18.5,10,18.75,5,19.0,2,PUT
447,44800,11.5,9,11.25,1,11.0,1,17.5,7,17.75,3,18.0,1,ASSET
448,44900,12.75,5,12.5,2,12.25,2,16.75,9,17.0,4,17.25,0,PUT
448,44900,25.0,10,24.75,3,24.5,2,31.0,10,31.25,2,31.5,1,CALL
448,44900,12.75,7,12.5,1,12.25,1,16.75,8,17.0,2,17.25,0,ASSET
449,45000,13.25,9,13.0,2,12.75,2,15.25,5,15.5,3,15.75,2,PUT
449,45000,26.75,9,26.5,3,26.25,2,28.75,10,29.0,6,29.25,2,CALL
449,45000,10.25,9,10.0,4,9.75,2,18.25,10,18.5,6,18.75,1,ASSET
450,45100,12.5,8,12.25,5,12.0,1,16.5,5,16.75,2,17.0,1,PUT
450,45100,23.0,6,22.75,5,22.5,0,31.0,7,31.25,5,31.5,0,CALL
450,45100,11.5,8,11.25,1,11.0,0,17.5,5,17.75,6,18.0,2,ASSET
451,45200,23.25,8,23.0,2,22.75,1,31.25,8,31.5,4,31.75,1,CALL
451,45200,13.5,6,13.25,2,13.0,0,15.5,7,15.75,3,16.0,1,ASSET
451,45200,12.5,10,12.25,1,12.0,1,16.5,5,16.75,4,17.0,2,PUT
452,45300,10.5,7,10.25,5,10.0,1,18.5,9,18.75,3,19.0,1,ASSET
452,45300,10.5,5,10.25,4,10.0,1,18.5,5,18.75,5,19.0,2,PUT
452,45300,23.0,5,22.75,2,22.5,2,29.0,10,29.25,2,29.5,0,CALL
453,45400,10.75,8,10.5,2,10.25,2,18.75,5,19.0,6,19.25,2,ASSET
453,45400,12.75,8,12.5,2,12.25,2,16.75,8,17.0,1,17.25,2,PUT
453,45400,21.75,6,21.5,4,21.25,1,29.75,7,30.0,5,30.25,0,CALL
454,45500,11.25,5,11.0,4,10.75,0,17.25,8,17.5,5,17.75,2,ASSET
454,45500,12.25,7,12.0,3,11.75,1,16.25,6,16.5,6,16.75,1,PUT
454,45500,22.0,8,21.75,2,21.5,2,30.0,10,30.25,3,30.5,0,CALL
455,45600,12.75,9,12.5,4,12.25,0,16.75,6,17.0,1,17.25,1,PUT
455,45600,22.25,9,22.0,5,21.75,0,30.25,7,30.5,4,30.75,0,CALL
455,45600,11.75,10,11.5,5,11.25,2,17.75,6,18.0,2,18.25,1,ASSET
456,45700,21.0,5,20.75,4,20.5,2,29.0,5,29.25,5,29.5,2,CALL
456,45700,11.75,7,11.5,5,11.25,0,17.75,10,18.0,6,18.25,1,ASSET
456,45700,13.75,9,13.5,4,13.25,1,15.75,7,16.0,3,16.25,0,PUT
457,45800,22.25,6,22.0,1,21.75,0,28.25,10,28.5,1,28.75,0,CALL
457,45800,11.5,7,11.25,4,11.0,1,17.5,8,17.75,6,18.0,0,ASSET
457,45800,12.5,9,12.25,3,12.0,0,16.5,5,16.75,4,17.0,0,PUT
458,45900,23.5,9,23.25,2,23.0,0,27.5,8,27.75,4,28.0,1,CALL
458,45900,13.25,9,13.0,6,12.75,0,15.25,6,15.5,1,15.75,2,ASSET
458,45900,13.25,10,13.0,2,12.75,1,15.25,6,15.5,4,15.75,1,PUT
459,46000,9.75,6,9.5,4,9.25,1,17.75,10,18.0,3,18.25,2,ASSET
459,46000,11.75,6,11.5,2,11.25,2,15.75,9,16.0,1,16.25,2,PUT
459,46000,21.5,6,21.25,2,21.0,1,29.5,5,29.75,4,30.0,1,CALL
460,46100,9.0,7,8.75,2,8.5,0,17.0,5,17.25,3,17.5,1,PUT
460,46100,22.75,9,22.5,5,22.25,2,28.75,5,29.0,2,29.25,0,CALL
460,46100,10.0,7,9.75,3,9.5,1,16.0,10,16.25,3,16.5,0,ASSET
461,46200,10.5,9,10.25,1,10.0,2,14.5,8,14.75,5,15.0,1,PUT
461,46200,22.25,10,22.0,6,21.75,1,28.25,8,28.5,2,28.75,0,CALL
461,46200,11.5,5,11.25,4,11.0,0,13.5,8,13.75,3,14.0,1,ASSET
462,46300,11.0,5,10.75,3,10.5,1,15.0,5,15.25,2,15.5,2,PUT
462,46300,21.5,8,21.25,2,21.0,1,29.5,9,29.75,1,30.0,1,CALL
462,46300,10.0,6,9.75,3,9.5,0,16.0,9,16.25,6,16.5,2,ASSET
463,46400,10.5,9,10.25,2,10.0,0,14.5,9,14.75,2,15.0,2,PUT
463,46400,8.5,8,8.25,5,8.0,2,16.5,8,16.75,4,17.0,1,ASSET
463,46400,22.0,7,21.75,5,21.5,2,30.0,10,30.25,4,30.5,0,CALL
464,46500,10.75,9,10.5,3,10.25,2,12.75,7,13.0,5,13.25,0,ASSET
464,46500,9.75,10,9.5,1,9.25,2,13.75,9,14.0,5,14.25,0,PUT
464,46500,24.0,6,23.75,2,23.5,2,28.0,10,28.25,4,28.5,1,CALL
465,46600,8.0,7,7.75,5,7.5,1,16.0,7,16.25,2,16.5,1,ASSET
465,46600,10.0,10,9.75,6,9.5,1,14.0,5,14.25,5,14.5,0,PUT
465,46600,23.5,5,23.25,4,23.0,0,27.5,7,27.75,3,28.0,0,CALL
466,46700,9.75,5,9.5,6,9.25,2,15.75,5,16.0,1,16.25,2,ASSET
466,46700,9.75,5,9.5,4,9.25,2,15.75,5,16.0,1,16.25,2,PUT
466,46700,23.0,7,22.75,6,22.5,1,27.0,9,27.25,6,27.5,2,CALL
467,46800,10.5,7,10.25,4,10.0,1,14.5,6,14.75,4,15.0,1,PUT
467,46800,24.25,7,24.0,6,23.75,0,26.25,6,26.5,4,26.75,1,CALL
467,46800,11.5,9,11.25,1,11.0,2,13.5,6,13.75,3,14.0,0,ASSET
468,46900,23.0,5,22.75,3,22.5,2,27.0,5,27.25,1,27.5,0,CALL
468,46900,9.75,9,9.5,5,9.25,0,15.75,5,16.0,6,16.25,2,ASSET
468,46900,9.75,7,9.5,5,9.25,0,15.75,10,16.0,6,16.25,1,PUT
469,47000,24.25,8,24.0,3,23.75,1,26.25,6,26.5,6,26.75,0,CALL
469,47000,9.0,9,8.75,1,8.5,1,17.0,9,17.25,2,17.5,0,ASSET
469,47000,10.0,7,9.75,5,9.5,1,16.0,5,16.25,1,16.5,2,PUT
470,47100,22.75,9,22.5,1,22.25,1,28.75,8,29.0,6,29.25,1,CALL
470,47100,11.5,5,11.25,3,11.0,1,13.5,5,13.75,6,14.0,2,PUT
470,47100,11.5,7,11.25,5,11.0,0,13.5,6,13.75,1,14.0,2,ASSET
471,47200,8.0,7,7.75,2,7.5,2,16.0,5,16.25,6,16.5,1,PUT
471,47200,23.0,9,22.75,2,22.5,0,29.0,5,29.25,5,29.5,0,CALL
471,47200,8.0,9,7.75,6,7.5,2,16.0,10,16.25,2,16.5,1,ASSET
472,47300,9.5,5,9.25,3,9.0,0,15.5,8,15.75,1,16.0,0,PUT
472,47300,24.25,9,24.0,5,23.75,0,26.25,5,26.5,5,26.75,1,CALL
472,47300,11.5,7,11.25,6,11.0,1,13.5,8,13.75,2,14.0,2,ASSET
473,47400,9.75,9,9.5,6,9.25,2,15.75,5,16.0,2,16.25,0,PUT
473,47400,24.5,8,24.25,3,24.0,1,26.5,10,26.75,3,27.0,0,CALL
473,47400,8.75,8,8.5,3,8.25,2,16.75,8,17.0,1,17.25,1,ASSET
474,47500,22.25,7,22.0,4,21.75,1,28.25,5,28.5,5,28.75,1,CALL
474,47500,11.0,9,10.75,2,10.5,0,15.0,8,15.25,5,15.5,1,ASSET
474,47500,10.0,9,9.75,5,9.5,2,16.0,7,16.25,3,16.5,1,PUT
475,47600,11.5,9,11.25,5,11.0,0,15.5,5,15.75,6,16.0,0,ASSET
475,47600,9.5,9,9.25,5,9.0,2,17.5,8,17.75,3,18.0,2,PUT
475,47600,21.0,8,20.75,1,20.5,0,29.0,7,29.25,1,29.5,1,CALL
476,47700,11.5,9,11.25,1,11.0,1,15.5,8,15.75,2,16.0,0,ASSET
476,47700,11.5,8,11.25,3,11.0,2,15.5,9,15.75,4,16.0,2,PUT
476,47700,20.25,6,20.0,3,19.75,2,28.25,6,28.5,2,28.75,1,CALL
477,47800,10.0,7,9.75,1,9.5,0,18.0,9,18.25,5,18.5,1,ASSET
477,47800,12.0,7,11.75,5,11.5,1,16.0,7,16.25,4,16.5,0,PUT
477,47800,22.25,8,22.0,3,21.75,2,26.25,5,26.5,3,26.75,2,CALL
478,47900,11.25,8,11.0,2,10.75,1,17.25,10,17.5,5,17.75,2,ASSET
478,47900,20.25,7,20.0,6,19.75,2,28.25,7,28.5,6,28.75,2,CALL
478,47900,13.25,8,13.0,3,12.75,0,15.25,5,15.5,6,15.75,0,PUT
479,48000,21.0,5,20.75,5,20.5,2,27.0,8,27.25,5,27.5,1,CALL
479,48000,9.5,7,9.25,5,9.0,1,17.5,9,17.75,1,18.0,2,ASSET
479,48000,9.5,5,9.25,4,9.0,0,17.5,9,17.75,2,18.0,1,PUT
480,48100,21.5,8,21.25,2,21.0,0,25.5,6,25.75,3,26.0,0,CALL
480,48100,12.0,7,11.75,4,11.5,0,16.0,9,16.25,3,16.5,2,ASSET
480,48100,13.0,6,12.75,2,12.5,1,15.0,5,15.25,5,15.5,2,PUT
481,48200,18.75,6,18.5,1,18.25,0,26.75,8,27.0,5,27.25,1,CALL
481,48200,11.5,10,11.25,1,11.0,2,15.5,8,15.75,1,16.0,0,ASSET
481,48200,9.5,10,9.25,5,9.0,1,17.5,6,17.75,4,18.0,0,PUT
482,48300,9.0,9,8.75,5,8.5,1,17.0,7,17.25,6,17.5,0,PUT
482,48300,21.75,6,21.5,4,21.25,0,23.75,6,24.0,4,24.25,1,CALL
482,48300,11.0,6,10.75,5,10.5,2,15.0,9,15.25,4,15.5,0,ASSET
483,48400,12.75,10,12.5,5,12.25,1,14.75,8,15.0,5,15.25,0,ASSET
483,48400,18.5,9,18.25,3,18.0,1,26.5,8,26.75,6,27.0,1,CALL
483,48400,10.75,8,10.5,4,10.25,2,16.75,5,17.0,1,17.25,2,PUT
484,48500,10.75,7,10.5,1,10.25,1,16.75,9,17.0,2,17.25,1,PUT
484,48500,20.75,10,20.5,1,20.25,2,24.75,9,25.0,1,25.25,2,CALL
484,48500,10.75,8,10.5,6,10.25,0,16.75,7,17.0,4,17.25,0,ASSET
485,48600,12.75,8,12.5,1,12.25,1,14.75,10,15.0,2,15.25,2,PUT
485,48600,19.75,7,19.5,3,19.25,2,27.75,9,28.0,2,28.25,0,CALL
485,48600,11.75,10,11.5,3,11.25,2,15.75,6,16.0,1,16.25,1,ASSET
486,48700,21.0,6,20.75,4,20.5,2,27.0,9,27.25,3,27.5,0,CALL
486,48700,9.75,7,9.5,5,9.25,1,17.75,6,18.0,6,18.25,2,ASSET
486,48700,12.75,6,12.5,5,12.25,1,14.75,9,15.0,4,15.25,0,PUT
487,48800,12.0,5,11.75,6,11.5,0,14.0,5,14.25,4,14.5,1,ASSET
487,48800,9.0,7,8.75,2,8.5,0,17.0,10,17.25,1,17.5,2,PUT
487,48800,22.5,6,22.25,2,22.0,0,26.5,5,26.75,4,27.0,2,CALL
488,48900,11.5,10,11.25,5,11.0,0,13.5,6,13.75,5,14.0,1,ASSET
488,48900,8.5,10,8.25,4,8.0,0,16.5,6,16.75,4,17.0,2,PUT
488,48900,24.0,10,23.75,2,23.5,2,26.0,10,26.25,3,26.5,1,CALL
489,49000,11.25,7,11.0,5,10.75,2,13.25,7,13.5,1,13.75,1,ASSET
489,49000,9.25,8,9.0,1,8.75,0,15.25,10,15.5,2,15.75,0,PUT
489,49000,23.0,7,22.75,6,22.5,0,27.0,10,27.25,4,27.5,1,CALL
490,49100,21.0,8,20.75,2,20.5,0,29.0,8,29.25,1,29.5,1,CALL
490,49100,11.0,6,10.75,1,10.5,2,13.0,9,13.25,2,13.5,0,ASSET
490,49100,11.0,8,10.75,6,10.5,1,13.0,9,13.25,4,13.5,0,PUT
491,49200,9.25,8,9.0,6,8.75,0,15.25,5,15.5,2,15.75,0,PUT
491,49200,8.25,9,8.0,5,7.75,1,16.25,6,16.5,5,16.75,2,ASSET
491,49200,22.5,5,22.25,6,22.0,0,28.5,6,28.75,1,29.0,2,CALL
492,49300,24.5,10,24.25,5,24.0,2,26.5,6,26.75,4,27.0,1,CALL
492,49300,8.0,10,7.75,1,7.5,2,16.0,8,16.25,5,16.5,1,ASSET
492,49300,10.0,8,9.75,5,9.5,1,14.0,8,14.25,3,14.5,2,PUT
493,49400,23.25,5,23.0,1,22.75,1,27.25,8,27.5,1,27.75,2,CALL
493,49400,7.5,9,7.25,3,7.0,1,15.5,5,15.75,6,16.0,1,ASSET
493,49400,7.5,8,7.25,1,7.0,2,15.5,10,15.75,5,16.0,0,PUT
494,49500,22.0,7,21.75,2,21.5,2,30.0,10,30.25,5,30.5,2,CALL
494,49500,8.25,5,8.0,5,7.75,0,14.25,10,14.5,5,14.75,2,PUT
494,49500,8.25,9,8.0,3,7.75,1,14.25,7,14.5,6,14.75,0,ASSET
495,49600,10.5,5,10.25,5,10.0,0,12.5,7,12.75,5,13.0,0,PUT
495,49600,10.5,5,10.25,2,10.0,2,12.5,10,12.75,5,13.0,0,ASSET
495,49600,23.25,8,23.0,1,22.75,1,27.25,9,27.5,5,27.75,1,CALL
496,49700,11.0,5,10.75,4,10.5,0,13.0,10,13.25,4,13.5,1,PUT
496,49700,8.0,6,7.75,6,7.5,0,16.0,9,16.25,1,16.5,0,ASSET
496,49700,22.0,5,21.75,2,21.5,1,28.0,10,28.25,5,28.5,1,CALL
497,49800,9.25,10,9.0,6,8.75,0,15.25,9,15.5,6,15.75,2,PUT
497,49800,8.25,8,8.0,1,7.75,2,16.25,8,16.5,3,16.75,1,ASSET
497,49800,22.75,9,22.5,4,22.25,2,26.75,9,27.0,1,27.25,0,CALL
498,49900,10.5,7,10.25,1,10.0,1,14.5,10,14.75,5,15.0,2,PUT
498,49900,9.5,6,9.25,6,9.0,1,15.5,5,15.75,6,16.0,2,ASSET
498,49900,23.25,8,23.0,5,22.75,0,25.25,5,25.5,2,25.75,0,CALL
499,50000,10.25,8,10.0,1,9.75,1,14.25,6,14.5,1,14.75,1,ASSET
499,50000,23.0,5,22.75,6,22.5,0,25.0,6,25.25,5,25.5,2,CALL
499,50000,10.25,7,10.0,3,9.75,2,14.25,5,14.5,2,14.75,0,PUT
500,50100,20.75,10,20.5,1,20.25,1,26.75,10,27.0,6,27.25,2,CALL
500,50100,10.0,6,9.75,6,9.5,2,14.0,5,14.25,1,14.5,2,PUT
500,50100,9.0,6,8.75,1,8.5,2,15.0,7,15.25,1,15.5,1,ASSET
501,50200,20.0,6,19.75,5,19.5,2,26.0,5,26.25,6,26.5,2,CALL
501,50200,9.25,6,9.0,4,8.75,0,15.25,9,15.5,3,15.75,2,ASSET
501,50200,8.25,6,8.0,5,7.75,2,16.25,7,16.5,2,16.75,0,PUT
502,50300,22.25,7,22.0,4,21.75,1,24.25,5,24.5,5,24.75,0,CALL
502,50300,12.0,6,11.75,2,11.5,1,14.0,6,14.25,5,14.5,0,ASSET
502,50300,12.0,5,11.75,4,11.5,0,14.0,10,14.25,2,14.5,0,PUT
503,50400,8.5,10,8.25,2,8.0,0,16.5,5,16.75,6,17.0,1,PUT
503,50400,11.5,6,11.25,3,11.0,1,13.5,8,13.75,3,14.0,2,ASSET
503,50400,19.25,9,19.0,3,18.75,1,27.25,10,27.5,2,27.75,1,CALL
504,50500,23.25,10,23.0,2,22.75,2,25.25,6,25.5,6,25.75,1,CALL
504,50500,9.25,6,9.0,5,8.75,2,15.25,8,15.5,1,15.75,1,ASSET
504,50500,9.25,6,9.0,2,8.75,2,15.25,5,15.5,4,15.75,0,PUT
505,50600,11.75,8,11.5,1,11.25,2,13.75,8,14.0,1,14.25,0,PUT
505,50600,20.25,10,20.0,2,19.75,2,28.25,6,28.5,3,28.75,0,CALL
505,50600,9.75,10,9.5,1,9.25,0,15.75,6,16.0,4,16.25,1,ASSET
506,50700,21.75,10,21.5,3,21.25,1,25.75,10,26.0,4,26.25,1,CALL
506,50700,9.5,5,9.25,6,9.0,1,15.5,5,15.75,5,16.0,2,PUT
506,50700,10.5,5,10.25,2,10.0,2,14.5,7,14.75,6,15.0,2,ASSET
507,50800,21.5,7,21.25,3,21.0,0,25.5,9,25.75,5,26.0,0,CALL
507,50800,8.0,10,7.75,4,7.5,1,16.0,7,16.25,2,16.5,1,PUT
507,50800,11.0,7,10.75,5,10.5,2,13.0,5,13.25,5,13.5,0,ASSET
508,50900,23.25,9,23.0,2,22.75,0,25.25,7,25.5,1,25.75,0,CALL
508,50900,11.0,10,10.75,6,10.5,1,13.0,10,13.25,6,13.5,0,ASSET
508,50900,11.0,8,10.75,6,10.5,2,13.0,6,13.25,2,13.5,1,PUT
509,51000,8.5,6,8.25,1,8.0,0,14.5,6,14.75,4,15.0,0,ASSET
509,51000,10.5,10,10.25,1,10.0,2,12.5,6,12.75,2,13.0,2,PUT
509,51000,21.75,8,21.5,4,21.25,0,27.75,8,28.0,4,28.25,2,CALL
510,51100,10.75,10,10.5,5,10.25,1,12.75,8,13.0,4,13.25,0,ASSET
510,51100,7.75,8,7.5,2,7.25,1,15.75,10,16.0,1,16.25,2,PUT
510,51100,23.25,5,23.0,4,22.75,0,25.25,6,25.5,6,25.75,0,CALL
511,51200,8.5,7,8.25,6,8.0,0,14.5,6,14.75,6,15.0,2,ASSET
511,51200,8.5,8,8.25,3,8.0,2,14.5,8,14.75,2,15.0,1,PUT
511,51200,20.5,7,20.25,3,20.0,2,26.5,9,26.75,2,27.0,2,CALL
512,51300,10.75,5,10.5,3,10.25,2,12.75,9,13.0,5,13.25,1,PUT
512,51300,8.75,7,8.5,2,8.25,1,14.75,10,15.0,2,15.25,1,ASSET
512,51300,21.5,5,21.25,2,21.0,1,25.5,5,25.75,6,26.0,0,CALL
513,51400,8.0,10,7.75,4,7.5,2,14.0,9,14.25,5,14.5,1,ASSET
513,51400,10.0,10,9.75,3,9.5,1,12.0,5,12.25,1,12.5,0,PUT
513,51400,22.5,8,22.25,1,22.0,2,24.5,10,24.75,3,25.0,2,CALL
514,51500,22.0,8,21.75,6,21.5,0,26.0,6,26.25,6,26.5,0,CALL
514,51500,8.0,6,7.75,4,7.5,0,14.0,8,14.25,3,14.5,0,ASSET
514,51500,9.0,5,8.75,4,8.5,2,13.0,7,13.25,3,13.5,0,PUT
515,51600,10.0,9,9.75,4,9.5,2,12.0,9,12.25,4,12.5,0,ASSET
515,51600,9.0,10,8.75,4,8.5,2,13.0,5,13.25,2,13.5,1,PUT
515,51600,19.25,7,19.0,4,18.75,0,27.25,10,27.5,1,27.75,2,CALL
516,51700,7.5,6,7.25,1,7.0,1,15.5,5,15.75,2,16.0,0,ASSET
516,51700,9.5,8,9.25,3,9.0,1,13.5,6,13.75,5,14.0,1,PUT
516,51700,20.75,9,20.5,1,20.25,1,24.75,10,25.0,1,25.25,2,CALL
517,51800,8.5,7,8.25,6,8.0,1,14.5,10,14.75,5,15.0,2,PUT
517,51800,10.5,8,10.25,3,10.0,0,12.5,10,12.75,4,13.0,1,ASSET
517,51800,20.5,6,20.25,4,20.0,1,26.5,5,26.75,3,27.0,2,CALL
518,51900,9.25,5,9.0,2,8.75,2,13.25,8,13.5,4,13.75,0,ASSET
518,51900,8.25,7,8.0,6,7.75,0,14.25,5,14.5,2,14.75,1,PUT
518,51900,23.25,9,23.0,4,22.75,1,25.25,10,25.5,4,25.75,1,CALL
519,52000,10.5,9,10.25,5,10.0,1,12.5,7,12.75,2,13.0,2,ASSET
519,52000,8.5,10,8.25,4,8.0,0,14.5,8,14.75,2,15.0,1,PUT
519,52000,21.0,10,20.75,5,20.5,0,27.0,8,27.25,3,27.5,2,CALL
520,52100,9.25,9,9.0,4,8.75,1,13.25,9,13.5,6,13.75,2,ASSET
520,52100,10.25,6,10.0,4,9.75,2,12.25,8,12.5,2,12.75,0,PUT
520,52100,21.75,6,21.5,3,21.25,1,27.75,8,28.0,5,28.25,2,CALL
521,52200,10.5,5,10.25,1,10.0,2,12.5,5,12.75,6,13.0,2,ASSET
521,52200,7.5,6,7.25,4,7.0,1,15.5,8,15.75,3,16.0,0,PUT
521,52200,20.75,6,20.5,1,20.25,2,28.75,8,29.0,4,29.25,1,CALL
522,52300,20.25,10,20.0,3,19.75,2,28.25,9,28.5,5,28.75,1,CALL
522,52300,10.25,7,10.0,1,9.75,2,12.25,10,12.5,1,12.75,1,PUT
522,52300,9.25,10,9.0,3,8.75,0,13.25,6,13.5,2,13.75,1,ASSET
523,52400,8.5,5,8.25,3,8.0,1,12.5,6,12.75,5,13.0,1,PUT
523,52400,20.5,5,20.25,3,20.0,1,28.5,5,28.75,3,29.0,1,CALL
523,52400,9.5,5,9.25,6,9.0,1,11.5,5,11.75,5,12.0,1,ASSET
524,52500,21.25,6,21.0,6,20.75,2,29.25,5,29.5,3,29.75,0,CALL
524,52500,9.0,8,8.75,5,8.5,1,11.0,7,11.25,2,11.5,2,PUT
524,52500,8.0,8,7.75,4,7.5,0,12.0,5,12.25,4,12.5,1,ASSET
525,52600,22.25,10,22.0,6,21.75,2,26.25,9,26.5,4,26.75,1,CALL
525,52600,9.0,6,8.75,5,8.5,2,11.0,6,11.25,3,11.5,1,PUT
525,52600,8.0,7,7.75,2,7.5,2,12.0,7,12.25,4,12.5,2,ASSET
526,52700,6.5,10,6.25,6,6.0,2,14.5,7,14.75,1,15.0,0,ASSET
526,52700,7.5,9,7.25,4,7.0,2,13.5,5,13.75,6,14.0,2,PUT
526,52700,19.5,5,19.25,6,19.0,0,27.5,5,27.75,1,28.0,1,CALL
527,52800,10.25,8,10.0,2,9.75,0,12.25,7,12.5,2,12.75,1,ASSET
527,52800,20.0,8,19.75,5,19.5,1,26.0,8,26.25,2,26.5,2,CALL
527,52800,9.25,10,9.0,2,8.75,1,13.25,6,13.5,6,13.75,0,PUT
528,52900,20.0,8,19.75,2,19.5,1,28.0,8,28.25,1,28.5,0,CALL
528,52900,7.25,6,7.0,3,6.75,2,15.25,8,15.5,1,15.75,0,ASSET
528,52900,9.25,10,9.0,5,8.75,1,13.25,8,13.5,2,13.75,2,PUT
529,53000,9.0,6,8.75,5,8.5,2,13.0,9,13.25,1,13.5,0,PUT
529,53000,23.25,5,23.0,5,22.75,1,25.25,7,25.5,5,25.75,2,CALL
529,53000,9.0,8,8.75,1,8.5,1,13.0,8,13.25,4,13.5,0,ASSET
530,53100,8.5,7,8.25,3,8.0,0,12.5,10,12.75,3,13.0,0,ASSET
530,53100,9.5,9,9.25,2,9.0,2,11.5,9,11.75,3,12.0,2,PUT
530,53100,23.75,7,23.5,6,23.25,0,25.75,8,26.0,6,26.25,1,CALL
531,53200,9.5,5,9.25,4,9.0,2,11.5,9,11.75,1,12.0,0,ASSET
531,53200,6.5,8,6.25,5,6.0,2,14.5,8,14.75,1,15.0,2,PUT
531,53200,23.75,9,23.5,5,23.25,1,27.75,8,28.0,1,28.25,0,CALL
532,53300,9.25,7,9.0,5,8.75,0,11.25,5,11.5,6,11.75,1,PUT
532,53300,23.0,6,22.75,2,22.5,2,27.0,7,27.25,2,27.5,2,CALL
532,53300,9.25,7,9.0,6,8.75,0,11.25,8,11.5,1,11.75,2,ASSET
533,53400,8.25,9,8.0,3,7.75,0,12.25,6,12.5,5,12.75,0,ASSET
533,53400,22.5,7,22.25,2,22.0,2,26.5,7,26.75,3,27.0,2,CALL
533,53400,8.25,5,8.0,1,7.75,2,12.25,6,12.5,3,12.75,1,PUT
534,53500,6.75,10,6.5,4,6.25,1,14.75,6,15.0,6,15.25,2,ASSET
534,53500,21.75,10,21.5,5,21.25,2,27.75,5,28.0,6,28.25,2,CALL
534,53500,7.75,7,7.5,5,7.25,1,13.75,6,14.0,4,14.25,2,PUT
535,53600,9.5,9,9.25,4,9.0,0,11.5,8,11.75,5,12.0,1,PUT
535,53600,8.5,9,8.25,3,8.0,0,12.5,7,12.75,2,13.0,0,ASSET
535,53600,20.0,10,19.75,5,19.5,1,28.0,10,28.25,6,28.5,0,CALL
536,53700,7.75,10,7.5,3,7.25,0,13.75,8,14.0,1,14.25,2,ASSET
536,53700,21.0,6,20.75,5,20.5,0,27.0,5,27.25,2,27.5,2,CALL
536,53700,9.75,7,9.5,5,9.25,0,11.75,10,12.0,2,12.25,2,PUT
537,53800,7.5,9,7.25,6,7.0,1,13.5,8,13.75,3,14.0,2,PUT
537,53800,23.25,5,23.0,3,22.75,2,25.25,7,25.5,3,25.75,0,CALL
537,53800,8.5,6,8.25,6,8.0,0,12.5,5,12.75,4,13.0,0,ASSET
538,53900,5.75,8,5.5,4,5.25,1,13.75,9,14.0,6,14.25,2,PUT
538,53900,21.25,7,21.0,5,20.75,2,27.25,7,27.5,5,27.75,0,CALL
538,53900,6.75,10,6.5,1,6.25,0,12.75,6,13.0,1,13.25,0,ASSET
539,54000,21.75,9,21.5,2,21.25,0,27.75,7,28.0,3,28.25,1,CALL
539,54000,5.75,6,5.5,3,5.25,1,13.75,10,14.0,2,14.25,2,ASSET
539,54000,5.75,8,5.5,6,5.25,2,13.75,9,14.0,5,14.25,1,PUT
540,54100,7.25,5,7.0,6,6.75,2,13.25,5,13.5,4,13.75,2,PUT
540,54100,23.5,8,23.25,1,23.0,0,25.5,5,25.75,6,26.0,1,CALL
540,54100,8.25,5,8.0,1,7.75,1,12.25,7,12.5,5,12.75,2,ASSET
541,54200,7.75,7,7.5,4,7.25,1,13.75,10,14.0,6,14.25,2,ASSET
541,54200,7.75,7,7.5,2,7.25,0,13.75,7,14.0,5,14.25,0,PUT
541,54200,23.5,10,23.25,4,23.0,0,25.5,5,25.75,1,26.0,1,CALL
542,54300,8.75,8,8.5,4,8.25,1,12.75,8,13.0,2,13.25,0,ASSET
542,54300,21.5,8,21.25,3,21.0,2,27.5,7,27.75,3,28.0,2,CALL
542,54300,8.75,7,8.5,5,8.25,1,12.75,9,13.0,2,13.25,1,PUT
543,54400,8.75,10,8.5,4,8.25,0,12.75,7,13.0,6,13.25,1,ASSET
543,54400,6.75,5,6.5,2,6.25,1,14.75,6,15.0,5,15.25,2,PUT
543,54400,23.75,9,23.5,2,23.25,1,25.75,5,26.0,2,26.25,1,CALL
544,54500,7.75,8,7.5,4,7.25,1,13.75,5,14.0,4,14.25,1,PUT
544,54500,20.75,6,20.5,2,20.25,2,26.75,6,27.0,1,27.25,2,CALL
544,54500,7.75,6,7.5,5,7.25,2,13.75,5,14.0,5,14.25,0,ASSET
545,54600,7.5,9,7.25,3,7.0,1,13.5,5,13.75,6,14.0,1,PUT
545,54600,19.5,5,19.25,5,19.0,2,27.5,8,27.75,1,28.0,2,CALL
545,54600,9.5,9,9.25,5,9.0,0,11.5,6,11.75,5,12.0,1,ASSET
546,54700,7.25,10,7.0,4,6.75,2,15.25,10,15.5,4,15.75,1,ASSET
546,54700,22.25,5,22.0,3,21.75,1,24.25,7,24.5,6,24.75,0,CALL
546,54700,7.25,7,7.0,2,6.75,2,15.25,8,15.5,1,15.75,2,PUT
547,54800,9.0,6,8.75,1,8.5,1,13.0,9,13.25,2,13.5,2,ASSET
547,54800,21.75,8,21.5,2,21.25,1,25.75,5,26.0,6,26.25,2,CALL
547,54800,9.0,9,8.75,5,8.5,2,13.0,5,13.25,6,13.5,0,PUT
548,54900,10.5,7,10.25,2,10.0,2,12.5,6,12.75,1,13.0,1,ASSET
548,54900,20.5,5,20.25,3,20.0,2,26.5,9,26.75,1,27.0,0,CALL
548,54900,7.5,5,7.25,4,7.0,0,15.5,8,15.75,6,16.0,1,PUT
549,55000,10.0,8,9.75,3,9.5,2,14.0,10,14.25,3,14.5,2,PUT
549,55000,21.25,10,21.0,5,20.75,1,25.25,6,25.5,2,25.75,0,CALL
549,55000,9.0,5,8.75,6,8.5,0,15.0,9,15.25,3,15.5,1,ASSET
550,55100,21.0,7,20.75,1,20.5,1,25.0,10,25.25,5,25.5,0,CALL
550,55100,8.75,10,8.5,4,8.25,0,16.75,6,17.0,1,17.25,2,ASSET
550,55100,10.75,6,10.5,5,10.25,0,14.75,9,15.0,2,15.25,0,PUT
551,55200,12.25,5,12.0,6,11.75,2,14.25,9,14.5,1,14.75,2,PUT
551,55200,9.25,5,9.0,6,8.75,2,17.25,8,17.5,2,17.75,1,ASSET
551,55200,19.75,6,19.5,1,19.25,1,25.75,5,26.0,2,26.25,0,CALL
552,55300,9.75,8,9.5,6,9.25,1,17.75,8,18.0,4,18.25,2,PUT
552,55300,21.25,7,21.0,1,20.75,2,23.25,8,23.5,4,23.75,0,CALL
552,55300,11.75,8,11.5,1,11.25,0,15.75,9,16.0,1,16.25,0,ASSET
553,55400,10.25,6,10.0,3,9.75,1,16.25,6,16.5,4,16.75,2,ASSET
553,55400,19.5,8,19.25,5,19.0,1,25.5,7,25.75,2,26.0,2,CALL
553,55400,12.25,8,12.0,1,11.75,2,14.25,9,14.5,4,14.75,0,PUT
554,55500,9.25,5,9.0,4,8.75,0,17.25,8,17.5,1,17.75,1,ASSET
554,55500,19.5,5,19.25,3,19.0,1,23.5,7,23.75,6,24.0,2,CALL
554,55500,11.25,5,11.0,4,10.75,2,15.25,8,15.5,6,15.75,1,PUT
555,55600,11.25,9,11.0,2,10.75,0,15.25,8,15.5,4,15.75,2,ASSET
555,55600,12.25,7,12.0,2,11.75,1,14.25,10,14.5,3,14.75,0,PUT
555,55600,20.25,8,20.0,6,19.75,0,22.25,5,22.5,1,22.75,0,CALL
556,55700,9.5,10,9.25,5,9.0,0,17.5,7,17.75,1,18.0,1,PUT
556,55700,19.0,8,18.75,3,18.5,0,23.0,7,23.25,1,23.5,1,CALL
556,55700,11.5,9,11.25,5,11.0,2,15.5,9,15.75,6,16.0,1,ASSET
557,55800,12.0,9,11.75,4,11.5,1,14.0,9,14.25,4,14.5,0,PUT
